2558 4112
244 433 288 467 102
512 378 542 462 a.
559 411 701 461 vruornr
719 411 876 460 Manonrs

284 542 428 601 arboribus
443 543 568 601 clausam
583 542 693 601 circum
708 557 793 620 atque
805 540 988 601 horrentibus
1003 543 1111 602 umbris

283 624 391 683 occulit
404 648 413 692 ;
434 623 493 701 ipse
508 644 567 682 uno
580 623 706 698 graditur
720 622 871 681 comitatus
884 622 1009 694 Achate,

283 704 351 763 bina
365 725 451 763 manu
467 705 525 763 lato
539 704 662 780 crispans
676 703 788 761 hastilia
801 703 886 762 ferro.

283 787 331 847 cui
345 802 435 844 mater
449 785 543 844 media
556 805 615 843 sese
630 784 697 843 tulit
711 783 795 842 obvia
808 783 887 852 silva,

283 867 400 943 virginis
414 887 444 925 os
458 865 647 944 habitumque
661 885 763 944 gerens
778 881 807 924 et
821 863 937 941 virginis
952 885 1039 936 arma,

285 950 445 1024 Spartanae,
461 947 507 1004 vel
523 946 614 1025 qualis
628 967 715 1025 equos
730 945 866 1004 Threissa
880 945 979 1021 fatigat

284 1029 447 1105 Harpalyce
462 1027 666 1107 volucremque
681 1027 748 1102 fuga
762 1025 950 1105 praevertitur
965 1026 1109 1085 Hebrum.

284 1128 408 1187 namque
423 1107 527 1167 umeris
542 1108 578 1166 de
593 1127 671 1166 more
686 1107 812 1165 habilem
827 1106 1011 1184 suspenderat
1025 1126 1124 1166 arcum

284 1189 424 1260 venatrix,
438 1189 611 1268 dederatque
626 1207 739 1247 comam
753 1187 914 1264 diffundere
929 1186 1032 1258 ventis,

284 1271 361 1328 nuda
374 1290 450 1345 genu
466 1269 598 1348 nodoque
614 1269 691 1328 sinus
706 1269 829 1328 collecta
843 1267 974 1328 fluentes.
1007 1297 1012 1308 ·
1113 1297 1152 1337 320
1170 1295 1175 1306 ·

284 1371 316 1409 ac
332 1351 408 1427 prior
422 1349 527 1421 ‘heus,'
541 1348 646 1429 inquit,
661 1350 808 1420 ‘iuvenes,
822 1364 987 1419 monstrate,
1001 1368 1130 1408 mearum

284 1431 391 1490 vidistis
406 1430 427 1488 si
443 1451 529 1510 quam
542 1431 590 1489 hic
606 1446 748 1490 errantem
762 1431 835 1490 forte
845 1450 988 1501 sororum,
1025 1433 1028 1440 '

285 1511 462 1571 succinctam
477 1513 608 1588 pharetra
623 1526 652 1569 et
666 1512 827 1570 maculosae
842 1510 969 1588 tegmine
983 1507 1087 1586 lyncis,

285 1608 333 1652 aut
347 1591 504 1669 spumantis
519 1591 579 1668 apri
593 1611 709 1650 cursum
725 1593 847 1653 clamore
862 1588 1059 1669 prementem.²

326 1673 365 1732 sic
380 1673 490 1743 Venus,
505 1687 534 1731 et
548 1671 670 1731 Veneris
685 1688 785 1732 contra
798 1672 837 1732 sic
854 1673 928 1731 filius
942 1693 1041 1731 orsus:

258 1761 268 1787 ‘
282 1755 362 1813 nulla
377 1769 490 1812 tuarum
505 1753 600 1811 audita
613 1753 685 1812 mihi
700 1774 795 1832 neque
809 1754 868 1811 visa
882 1773 1018 1822 sororum,

285 1856 429 1914 o-quanr
458 1849 486 1893 te
514 1854 682 1905 memorem,
710 1834 812 1910 virgo?
836 1853 960 1913 namque
993 1832 1070 1891 haud
1099 1831 1151 1892 tibi

366 1916 461 1974 vultus

285 1997 423 2066 mortalis,
438 2016 492 2054 nec
508 2017 563 2053 vor
577 1995 728 2054 hominem
742 2011 822 2055 sonat
835 2021 845 2067 ;
865 2017 883 2054 ο
896 1995 949 2054 dea
963 2010 1094 2066 certe,—

286 2097 320 2135 an
338 2077 448 2134 Phoebi
463 2080 561 2135 sorori
582 2097 618 2135 an
635 2077 839 2154 Nympharum
854 2073 996 2151 sanguinis
1011 2095 1069 2133 una
1079 2080 1131 2133 i—

285 2156 320 2215 sis
335 2155 417 2228 felix,
432 2173 618 2235 nostrumque
633 2158 717 2228 leves,
734 2176 941 2236 quaecumque,
957 2155 1094 2226 laborem,
1114 2184 1153 2224 330

286 2253 325 2309 et,
340 2259 397 2316 quo
412 2237 464 2296 sub
478 2238 557 2296 caelo
572 2238 699 2310 tandem,
714 2237 817 2317 quibus
831 2237 906 2296 o'rbis
920 2237 951 2294 in
966 2235 1021 2295 oris

285 2317 433 2388 iactemur,
449 2318 572 2386 doceas3
592 2317 682 2393 ignari
697 2318 906 2398 hominumque
921 2319 1110 2397 locorumque

286 2419 422 2470 erramus,
436 2415 523 2458 vento
537 2400 595 2456 huc
610 2399 693 2458 vastis
709 2416 738 2458 et
752 2398 887 2458 fluctibus
901 2397 958 2457 acti
972 2420 980 2457 r

285 2481 377 2540 multa
391 2479 443 2537 tibi
458 2495 523 2538 ante
538 2499 596 2537 aras
611 2496 705 2538 nostra
719 2481 802 2539 cadet
815 2479 907 2538 hostia
920 2476 1038 2539 dextra?

327 2576 390 2619 tum
401 2561 501 2618 Venus
515 2583 523 2620 :
543 2561 639 2619 ‘haud
650 2560 783 2639 equidem
796 2560 845 2620 tali
857 2580 903 2618 me
912 2559 1013 2636 dignor
1022 2562 1131 2618 honore
1143 2581 1153 2626 ς

286 2641 441 2717 virginibus
457 2639 555 2718 Tyriis
569 2660 630 2699 mos
645 2658 687 2700 est
701 2656 808 2718 gestare
823 2642 993 2718 pharetram,

286 2742 486 2800 purpureoque
501 2722 557 2780 alte
573 2742 647 2780 suras
661 2721 771 2781 vincire
785 2723 936 2781 cothurno.

287 2802 397 2861 Punica
411 2821 497 2877 regna
510 2801 596 2872 vides,
613 2802 717 2878 Tyrios
732 2818 761 2861 et
775 2801 915 2879 Agenoris
930 2801 1031 2861 urbem
1045 2825 1054 2871 ;

286 2885 335 2940 sed
350 2883 420 2941 fines
435 2881 548 2960 Libyci,
563 2903 653 2960 genus
667 2883 847 2942 intractabile
861 2883 949 2942 bello.

286 2963 441 3040 imperium
456 2963 535 3023 Dido
548 2964 640 3041 Tyria
654 2964 726 3040 regit
741 2965 810 3022 urbe
825 2964 963 3041 profecta,
1117 2991 1156 3030 ³40

286 3062 454 3118 germanum
469 3044 592 3121 fugiens.
634 3045 720 3120 longa
734 3045 775 3104 es't
790 3043 903 3115 iniuria,
917 3045 1019 3118 longae

287 3123 417 3200 ambages
430 3150 439 3196 3
460 3126 509 3184 sed
524 3145 633 3185 summa
647 3145 746 3206 sequar
760 3124 869 3201 fastigia
883 3143 988 3184 rerum.

287 3203 356 3262 huic
371 3205 499 3264 coniunx
515 3208 659 3284 Sychaeus
674 3222 743 3277 erat,
756 3205 911 3264 ditissimus
925 3204 983 3280 agri

289 3285 480 3358 Phoenicum,
495 3304 524 3347 et
538 3308 642 3364 magno
656 3287 775 3346 miserae
789 3285 911 3346 dilectus
926 3304 1033 3354 amore,

288 3367 335 3426 cui
349 3383 430 3446 pater
443 3367 582 3427 intactam
597 3369 714 3428 dederat
727 3366 883 3445 primisque
898 3366 1006 3442 iugarat

615 3481 660 3528 333
678 3475 701 3514 et
713 3466 791 3514 vastis.
