2568 4114
238 305 283 368 17⁶
513 296 541 345 Ρ.
557 294 701 343 venons
718 293 875 343 nunonis

281 449 382 487 verum
397 447 505 520 anceps
518 446 632 504 pugnae
646 427 740 484 fuerat
755 425 882 484 fortuna.
925 426 1042 493 fuisset,

282 527 369 604 quem
384 507 475 567 metui
491 508 648 566 moritura?
668 506 768 565 faces'
759 526 791 564 ιιι
806 521 895 566 castra
910 507 1049 580 tulissem,

282 589 496 668 inplessemque
511 588 586 646 foros
601 587 733 659 flammis,
748 603 909 665 natumque
917 602 1093 666 patremque

282 691 349 730 cum
362 689 469 746 genere
484 669 656 740 exstinxem,
671 682 782 726 memet
797 689 889 760 super·
895 667 956 744 ipsa
971 667 1123 728 dedissem.

282 751 340 824 Sol,
356 750 404 829 qui
420 765 560 808 terrarum
574 748 696 808 flammis
710 768 796 826 opera
810 747 908 806 omnia
923 748 1032 840 lustras,

282 847 370 910 tuque
385 829 511 888 harum
503 845 645 907 1nterpres
659 849 792 888 curarum
807 843 836 886 et
851 827 966 888 conscia
980 829 1064 898 Iuno,

282 911 489 989 nocturnisque
504 911 619 968 Hecate
634 909 724 968 triviis
739 909 849 968 ululata
863 929 916 986 per
930 909 1024 980 urbes,

282 1007 312 1051 et
326 993 414 1050 Dirae
429 990 554 1062 ultrices,
571 1006 600 1049 et
614 990 644 1049 di
659 990 809 1049 morientis
824 989 942 1061 Elissae,
1108 1009 1146 1048 610

281 1071 405 1151 accipite
419 1074 501 1144 haec,
516 1072 710 1150 meritumque
724 1069 807 1129 malis
821 1069 962 1128 advertite
977 1087 1097 1141 numen,

283 1170 312 1214 et
326 1169 434 1212 nostras
448 1152 544 1211 audite
558 1173 669 1230 preces.
711 1151 732 1210 si
748 1167 865 1226 tangere
878 1165 977 1228 portus

282 1233 436 1293 infandum
451 1248 536 1310 caput
550 1253 583 1292 ac
598 1233 680 1292 terris
693 1233 800 1292 adnare
814 1251 930 1290 necesse
944 1245 996 1302 est,

283 1330 313 1373 et
327 1312 366 1372 sic
381 1314 440 1372 fata
455 1313 531 1371 Iovis
545 1329 677 1390 poscunt,
691 1312 741 1372 hic
755 1311 894 1371 terminus
907 1313 1025 1370 haeret:

283 1409 312 1453 at
325 1394 404 1452 bello
419 1393 533 1452 audacis
548 1393 648 1471 populi
662 1409 780 1452 vexatus
795 1408 825 1452 et
838 1391 932 1464 armis,

283 1474 388 1532 finibus
401 1474 529 1545 extorris,
546 1474 700 1550 complexu
716 1474 827 1532 avulsus
840 1472 909 1545 Iuli,

283 1554 422 1614 auxilium
436 1553 574 1631 inploret,
588 1553 742 1632 videatque
757 1553 876 1630 indigna
889 1573 1005 1612 suorum

283 1635 404 1705 funera3
425 1654 489 1705 nec,
504 1655 571 1693 cum
586 1655 615 1692 se
631 1635 682 1692 sub
698 1635 772 1709 leges
786 1635 864 1712 pacis
878 1634 996 1712 iniquae

283 1715 442 1788 tradiderit,
458 1735 547 1790 regno
562 1729 612 1774 aut
625 1729 724 1792 optata
739 1714 805 1773 luce
819 1715 938 1788 fruatur,

283 1797 333 1854 sed
347 1796 431 1854 cadat
445 1812 514 1854 ante
528 1796 608 1855 diem
622 1795 776 1873 mediaque
790 1795 957 1854 inhumatus
971 1797 1089 1854 harena.
1108 1813 1140 1850 or

282 1879 354 1935 haec
376 1896 498 1953 precor;
518 1878 594 1935 hanc
615 1895 718 1936 vocem
740 1891 898 1934 extremam
920 1897 986 1935 curn
1008 1875 1145 1951 sanguiue

364 1956 467 2016 fundo.

284 2053 345 2096 tum
360 2057 418 2108 vos,
434 2057 452 2094 ο
467 2037 563 2114 Tyrii,
578 2037 697 2116 stirpem
713 2053 741 2096 et
755 2057 843 2114 genus
857 2057 945 2096 omne
959 2037 1090 2096 futurum

284 2131 414 2176 exercete
428 2117 510 2189 odiis,
526 2117 675 2197 cinerique
689 2119 761 2176 haec
776 2117 883 2177 mittite
898 2132 995 2176 nostro

283 2217 411 2257 munera.
454 2197 552 2257 nullus
565 2219 645 2257 amor
658 2199 783 2276 populis,
798 2219 853 2256 nec
868 2197 985 2256 foedera
999 2211 1094 2256 sunto.

284 2277 412 2337 exoriare
426 2278 528 2358 aliquis
543 2279 646 2340 nostris
663 2299 698 2338 ex
713 2279 819 2338 ossibus
834 2279 920 2350 ultor,

282 2379 331 2439 qut
323 2359 410 2419 face
424 2359 586 2418 Dardanios
599 2360 735 2437 ferroque
749 2379 866 2437 sequare
880 2359 1008 2432 colonos,

282 2461 372 2512 nunc,
386 2439 466 2511 olim,
482 2459 664 2518 quocumque
679 2440 791 2498 dabunt
805 2460 835 2498 se
850 2455 980 2517 tempore
993 2437 1077 2496 vires.

282 2521 367 2579 litora
381 2519 512 2579 litoribus
526 2521 679 2592 contraria,
695 2519 829 2579 fluctibus
844 2520 935 2578 undas

282 2600 425 2694 inprecor,
440 2619 518 2660 arma
532 2601 637 2671 armis;
656 2615 790 2678 pugnent
804 2601 915 2680 ipsique
930 2597 1128 2678 nepotesque?

283 2684 353 2742 haec
369 2681 418 2754 ait,
434 2697 463 2739 et
476 2691 570 2759 partes
585 2681 716 2740 animum
731 2681 882 2740 versabat
874 2701 905 2739 ιιι
920 2700 1030 2751 omnes,
1109 2696 1151 2746 630

283 2762 403 2821 invisam
418 2782 557 2840 quaerens
572 2783 659 2841 quam
673 2762 800 2840 primum
815 2763 985 2838 abrumpere
999 2757 1105 2818 lucem.

283 2857 345 2901 tum
359 2843 485 2901 breviter
499 2843 612 2900 Barcen
627 2843 771 2901 nutricem
787 2841 882 2900 adfata
898 2839 1039 2918 Sychaei3

283 2943 408 3000 namque
423 2943 502 2982 suam
517 2923 609 3000 patria
624 2923 742 3002 antiqua
756 2922 830 2982 cinis
842 2939 903 2980 ater
916 2920 1059 2980 habebat:

267 3004 399 3062 ‘Annam
414 3003 565 3062 caremihi
581 3004 681 3062 nutrix
694 3003 787 3062 huc'
767 3019 832 3062 siste
846 3020 988 3071 sororem3

282 3083 339 3154 dic,
354 3102 456 3159 corpus
469 3099 605 3160 properet
619 3083 727 3142 fluviali
743 3101 872 3160 spargere
886 3082 1013 3160 lympha,

284 3178 313 3221 et
326 3163 451 3239 pecudes
466 3182 564 3222 secum
577 3178 607 3222 et
620 3178 777 3222 monstrata
790 3162 905 3239 piacula
919 3161 1024 3220 ducat:

283 3243 321 3302 sic
336 3241 444 3316 veniat,
459 3256 549 3320 tuque
563 3243 624 3321 ipsa
637 3244 686 3321 pia
701 3258 763 3319 tege
779 3257 908 3321 tempora
922 3241 1002 3300 vitta.

589 3337 636 3398 632
654 3336 748 3401 Sychaei
760 3344 802 3384 est.
