2558 4112
438 351 606 401 AENEIDOS
623 351 686 400 LIB.
703 352 715 399 I

168 481 324 542 ominibus.
366 481 416 539 sed
429 500 516 555 regna
530 481 603 558 Tyri
617 500 767 556 germanus
780 483 903 544 habebat

169 563 347 642 Pygmalion,
364 561 470 620 scelere
485 577 551 620 ante
566 560 634 622 alios
649 562 790 622 inmanior
805 584 912 624 omnes.

167 666 238 724 quos
252 645 329 702 inter
343 642 453 702 medius
468 643 548 702 venit
562 643 651 702 furor.
692 643 742 702 ille
758 645 918 720 Sychaeum

167 726 263 804 inpius
278 741 345 784 ante
360 745 418 782 aras
433 739 518 803 atque
533 724 592 782 auri
607 744 708 783 caecus
722 745 817 783 amore

167 807 243 864 clam
257 806 332 864 ferro
346 805 497 864 incautum
512 821 635 883 superat,
650 825 763 865 securus
778 826 908 865 amorum

167 907 340 964 germanae;
362 886 528 964 factumque
543 886 593 945 diu
608 886 722 958 celavit,
737 902 766 944 et
781 907 893 963 aegram

168 968 259 1026 multa
273 967 364 1026 malus
378 967 514 1026 simulans
529 987 602 1025 vana
615 987 663 1045 spe
679 966 746 1026 lusit
760 984 914 1027 amantem.

168 1047 228 1125 ipsa
242 1047 289 1106 sed
304 1047 334 1106 in
350 1047 455 1106 somnis
471 1046 612 1106 inhumati
628 1048 708 1107 venit
723 1047 817 1124 imago

168 1127 306 1203 coniugis,
322 1148 370 1186 ora
384 1128 474 1186 modis
489 1129 621 1186 attollens
636 1129 742 1206 pallida
756 1129 835 1187 miris
848 1154 857 1199 ;

167 1209 298 1268 crudeles
313 1229 371 1267 aras
386 1209 502 1268 traiema
523 1229 559 1268 ue
574 1225 689 1288 pectora
703 1210 778 1268 ferro

169 1289 298 1360 nudavit,
312 1309 488 1368 caecumque
503 1231 603 1348 domus
619 1290 711 1350 scelus
724 1310 810 1349 omne
824 1289 938 1349 retexit.

169 1386 231 1428 tum
247 1371 371 1429 celerare
385 1371 482 1446 fugam
497 1371 644 1451 patriaque
659 1372 798 1430 excedere
812 1371 921 1441 suadet,

169 1451 365 1530 auxiliumque
380 1451 441 1510 viae
456 1467 564 1511 veteres
580 1453 683 1511 tellure
697 1452 821 1512 recludit

170 1534 324 1603 thesauros,
338 1531 470 1608 ignotum
485 1533 595 1610 argenti
610 1534 722 1612 pondus
737 1549 766 1592 et
781 1532 850 1592 auri.

169 1613 212 1671 his
227 1629 372 1678 commota
386 1613 483 1692 fugam
497 1614 575 1672 Dido
590 1615 737 1693 sociosque
752 1614 875 1691 parabat.

169 1694 357 1764 conveniunt,
373 1694 477 1774 quibus
491 1711 539 1754 aut
554 1695 653 1754 odium
668 1695 786 1754 crudele
801 1693 914 1771 tyranni

169 1789 218 1833 aut
232 1791 326 1834 metus
340 1795 406 1834 acer
420 1791 481 1834 erat
494 1799 503 1846 3
524 1796 618 1846 naves,
635 1797 707 1855 quae
722 1775 795 1834 forte
809 1789 931 1853 paratae,

169 1856 328 1934 corripiunt
343 1873 522 1935 onerantque
537 1877 614 1915 auro.
655 1871 805 1933 portantur
819 1855 893 1918 avari

171 1937 364 2013 Pygmalionis
378 1958 445 2014 opes
460 1938 560 2016 pelago
573 1962 583 2008 ;
603 1938 663 1995 dux
677 1936 786 1995 femina
799 1936 878 1996 facti.

169 2017 311 2076 devenere
326 2018 412 2088 locos,
429 2017 478 2076 ubi
492 2038 571 2077 nunc
587 2017 715 2094 ingentia
729 2016 821 2077 cernis
878 2081 882 2088 ⁴

170 2098 284 2157 moenia
299 2116 518 2178 surgentemque
534 2120 624 2158 novae
639 2098 820 2174 Karthaginis
836 2118 940 2169 arcem,

169 2179 346 2258 mercatique
361 2180 463 2250 solum,
479 2180 547 2238 facti
562 2180 597 2239 de
612 2179 730 2238 nomine
745 2179 871 2256 Byrsam,

170 2260 284 2319 taurino
297 2277 438 2339 quantum
453 2277 568 2338 possent
582 2260 760 2319 circumdare
776 2277 865 2336 tergo.

170 2341 220 2399 sed
234 2362 282 2399 vos
297 2341 346 2420 qui
362 2341 488 2414 tandem,
504 2341 607 2421 quibus
623 2357 670 2400 aut
685 2339 801 2400 venistis
816 2340 851 2398 ab
865 2340 930 2410 oris,

170 2443 262 2501 quove
278 2423 382 2481 tenetis
397 2423 451 2481 iter
462 2422 489 2480 i'
512 2422 660 2501 quaerenti
676 2421 778 2481 talibus
793 2420 844 2479 ille

170 2503 309 2580 suspirans
325 2503 441 2582 imoque
457 2505 571 2562 trahens
586 2525 601 2562 a
616 2519 732 2581 pectore
747 2521 869 2562 vocem:

212 2590 247 2642 ‘o
261 2585 323 2656 dea,
337 2584 359 2643 si
375 2584 466 2662 prima
481 2600 613 2662 repetens
629 2584 663 2643 ab
678 2582 787 2660 origine
801 2601 926 2660 pergam,

169 2679 199 2724 et
213 2681 296 2724 vacet
310 2666 426 2724 annales
441 2682 602 2724 nostrorum
619 2664 716 2724 audire
731 2663 869 2733 laborum,

170 2761 236 2804 ante
251 2746 329 2805 diem
344 2747 440 2806 clauso
455 2762 611 2823 componet
627 2747 739 2824 Vesper
754 2745 892 2822 Olympo.

169 2846 220 2885 nos
236 2827 326 2886 Troia
340 2828 465 2906 antiqua,
481 2827 503 2884 si
518 2842 622 2908 vestras
639 2827 712 2885 forte
727 2843 870 2904 perantes

142 2947 144 2954 ·
170 2907 277 2966 Troiae
292 2929 399 2969 nomen
414 2907 457 2978 iit,
473 2907 582 2966 diversa
596 2928 647 2986 per
662 2927 784 2986 aequora
798 2921 895 2964 vectos

169 2988 243 3046 forte
258 3009 308 3047 sua
321 2989 439 3066 Libycis
454 3005 604 3066 tempestas
620 2987 731 3066 appulit
745 2986 809 3046 oris.

170 3089 232 3127 sum
247 3069 310 3146 pius
325 3070 447 3140 Aeneas,
463 3087 555 3148 raptos
571 3069 620 3149 qui
635 3089 671 3127 ex
686 3070 767 3127 hoste
784 3069 903 3126 Penates

170 3149 257 3208 classe
272 3152 347 3209 veho
361 3171 487 3221 mecum,
503 3151 578 3209 fama
593 3170 677 3229 super
691 3151 806 3208 aethera
820 3163 914 3208 notus.

169 3230 284 3288 Italiam
299 3252 403 3309 quaero
416 3231 536 3309 patriam
552 3246 581 3290 et
596 3251 685 3306 genus
701 3230 736 3290 ab
751 3232 820 3288 Iove
837 3247 958 3288 summo.

169 3309 211 3368 bis
226 3311 309 3370 denis
324 3311 481 3390 Phrygium
496 3311 652 3371 conscendi
668 3311 789 3371 navibus
804 3332 917 3389 aequor,

376 3411 421 3474 3⁶5
439 3425 525 3460 cernes.
593 3422 640 3471 374
657 3417 790 3474 componat.
