2558 4112
241 379 285 412 122
515 364 543 413 Ρ.
560 350 703 411 venons
721 362 879 412 Manonrs

280 499 339 557 feta
353 497 457 556 armis:
478 496 559 575 pueri
575 495 686 554 circum
701 495 894 588 innuptaeque
909 496 1022 572 puellae

280 599 357 638 sacra
371 595 490 648 canunt,
506 579 662 657 funemque
677 596 764 637 manu
779 593 945 652 contingere
960 578 1094 653 gaudent.

279 659 329 720 illa
343 659 429 730 subit,
444 659 611 738 mediaeque
626 657 738 716 minans
752 656 888 715 inlabitur
902 657 975 716 urbi.
1113 688 1153 728 240

278 761 296 798 o
310 740 410 817 patris,
426 761 443 798 o
457 739 554 798 divom
569 739 669 798 domus
684 737 783 808 Ilium,
798 753 826 796 et
840 737 952 797 incluta
966 738 1042 796 bello

279 820 392 879 moenia
408 819 629 879 Dardanidum!
653 833 752 897 quater
768 818 828 896 ipso
843 818 873 876 in
888 818 990 877 limine
1004 834 1099 896 portae

279 901 412 972 substitit,
428 917 513 979 atque
529 915 610 960 utero
624 898 752 958 sonitum
767 914 865 978 quater
879 919 957 957 arma
970 899 1083 959 dedere.

203 1009 206 1026 t
278 983 414 1041 instamus
430 997 525 1040 tamen
541 981 715 1040 inmemores
732 979 867 1058 caecique
882 979 989 1051 furore,

278 1079 306 1122 et
321 1079 480 1121 monstrum
496 1061 601 1121 infelix
617 1076 724 1120 sacrata
738 1060 860 1120 sistimus
875 1080 948 1119 arce.

278 1160 348 1202 tunc
364 1143 450 1202 etiam
465 1143 529 1202 fatis
544 1143 635 1220 aperit
652 1141 809 1200 Cassandra
823 1140 924 1200 futuris

278 1245 336 1297 ora,
350 1223 396 1282 dei
412 1224 488 1282 iussu
504 1244 562 1282 non
579 1242 717 1303 umquam
733 1221 839 1280 credita
854 1221 986 1280 Teucris.
1070 1223 1074 1234 '

278 1326 329 1363 nos
344 1304 461 1363 delubra
476 1304 563 1362 deum
579 1303 686 1374 miseri,
702 1302 804 1382 quibus
819 1301 936 1360 ultimus
950 1317 1034 1380 esset

278 1385 328 1445 ille
343 1385 412 1455 dies,
426 1385 497 1443 festa
512 1385 640 1450 velamus
656 1383 756 1442 fronde
772 1403 822 1460 per
836 1383 947 1443 urbem.

265 1497 267 1501 Α
319 1465 439 1524 vertitur
454 1464 564 1524 interea
579 1465 704 1535 caelum,
719 1479 747 1523 et
762 1463 819 1522 ruit
834 1464 952 1523 Oceano
966 1485 1035 1537 nox,
1114 1493 1152 1531 250

278 1546 427 1605 involvens
443 1546 544 1604 umbra
559 1564 661 1622 magna
677 1560 836 1624 terramque
851 1546 1006 1624 polumque

280 1626 558 1705 Myrmidonumque
574 1624 676 1694 dolos;
699 1625 753 1684 fusi
768 1647 819 1704 per
833 1625 946 1685 moenia
961 1625 1070 1686 Teucri

279 1708 445 1767 conticuere
458 1732 467 1778 ;
488 1728 570 1785 sopor
586 1706 673 1765 fessos
688 1706 891 1785 complectitur
904 1723 989 1766 artus.

279 1804 307 1848 et
321 1787 378 1847 iam
392 1789 498 1865 Argiva
513 1788 641 1866 phalanx
655 1787 801 1847 instructis
816 1786 934 1846 navibus
948 1787 1007 1846 ibat

279 1891 295 1928 a
309 1868 432 1928 Tenedo
447 1869 549 1928 tacitae
565 1889 616 1948 per
632 1868 724 1928 amica
739 1868 852 1927 silentia
867 1867 950 1927 lunae

279 1950 362 2009 litora
376 1966 443 2008 nota
457 1965 567 2027 petens,
583 1949 712 2008 flammas
728 1970 797 2008 cum
811 1949 886 2026 regia
901 1947 1003 2026 puppis

280 2031 431 2101 extulerat,
446 2031 509 2088 fatis
531 2051 566 2088 ue
583 2030 671 2089 deum
687 2030 820 2091 defensus
834 2030 938 2109 iniquis

279 2111 405 2169 inclusos
419 2127 499 2169 utero
511 2051 629 2170 bassos
646 2128 674 2170 et
689 2111 776 2188 pinea
790 2110 889 2170 furtim
963 2112 964 2117 ’

280 2191 356 2251 laxat
370 2192 493 2250 claustra
508 2191 607 2252 Sinon.
652 2191 716 2250 illos
732 2193 888 2268 patefactus
903 2193 939 2251 ad
953 2212 1032 2250 auras

279 2272 371 2331 reddit
386 2292 485 2352 equus,
499 2272 627 2351 laetique
642 2293 712 2331 cavo
728 2293 757 2330 se
771 2273 871 2332 robore
885 2289 1023 2352 promunt
1115 2289 1152 2330 260

280 2352 477 2412 Thessandrus
494 2354 706 2434 Sthenelusque
721 2353 818 2424 duces,
834 2369 863 2412 et
876 2353 955 2413 dirus
970 2353 1085 2424 Ulixes,

280 2434 434 2493 demissum
449 2433 518 2512 lapsi
533 2453 584 2510 per
601 2434 713 2506 funem,
727 2435 917 2512 Acamasque,
931 2434 1097 2514 Thoasque,

281 2515 448 2594 Pelidesque
463 2513 686 2591 Neoptolemus,
702 2514 867 2594 primusque
883 2516 1039 2586 Machaon,

280 2612 307 2652 et
323 2595 486 2666 Menelaus,
501 2593 605 2672 etipse
621 2594 680 2653 doli
696 2593 848 2655 fabricator
862 2595 964 2674 Epeos.

279 2675 420 2734 invadunt
434 2675 536 2735 urbem
550 2695 653 2735 somno
668 2676 794 2757 vinoque
809 2677 949 2755 sepultam
961 2701 973 2747 s

280 2756 438 2814 caeduntur
453 2756 562 2833 vigiles,
579 2757 724 2836 portisque
740 2758 903 2835 patentibus
916 2777 1015 2816 omnes

280 2835 427 2913 accipiunt
442 2837 539 2908 socios,
558 2851 642 2916 atque
657 2838 771 2914 agmina
786 2839 901 2898 conscia
915 2837 1048 2914 iungunt.

320 2934 433 2996 tempus
448 2934 518 2989 erat,
533 2939 590 2996 quo
606 2917 698 2995 prima
712 2919 791 2998 quies
806 2918 971 2978 mortalibus
985 2918 1073 2992 aegris

280 2998 394 3076 incipit,
409 3015 438 3058 et
452 2999 530 3057 dono
544 2999 642 3076 divom
657 3000 813 3076 gratissima
828 2999 924 3076 serpit.

280 3077 310 3135 in
327 3080 442 3150 somnis,
457 3099 537 3151 ecce,
552 3095 617 3138 ante
633 3081 731 3140 oculos
745 3080 945 3139 maestissimus
961 3079 1075 3139 Hector
1116 3107 1153 3146 270

280 3157 354 3216 visus
370 3159 466 3234 adesse
482 3160 566 3231 mihi,
581 3161 727 3240 largosque
743 3161 890 3220 effundere
904 3159 997 3231 lletus,

280 3253 404 3316 raptatus
420 3239 502 3315 bigis,
518 3257 549 3299 ut
564 3243 720 3320 quondam,
734 3250 849 3318 aterque
865 3255 987 3300 cruento

281 3320 410 3396 pulvere,
425 3340 532 3398 perque
547 3322 632 3398 pedes
648 3323 779 3380 traiectus
795 3323 854 3380 lora
867 3337 1020 3381 tumentes.

603 3428 647 3478 25¹
667 3431 786 3476 magnam.
