<?xml version="1.0" encoding="UTF-8"?>
<!DOCTYPE html PUBLIC "-//W3C//DTD XHTML 1.0 Transitional//EN"
    "http://www.w3.org/TR/xhtml1/DTD/xhtml1-transitional.dtd">
<html xmlns="http://www.w3.org/1999/xhtml" xml:lang="en" lang="en">
 <head>
  <title>
</title>
<meta http-equiv="Content-Type" content="text/html;charset=utf-8" />
  <meta name='ocr-system' content='tesseract 3.04.00' />
  <meta name='ocr-capabilities' content='ocr_page ocr_carea ocr_par ocr_line ocrx_word'/>
</head>
<body>
  <div class='ocr_page' id='page_1' title='image "./bucolicageorgic05virggoog/bucolicageorgic05virggoog_0176.png"; bbox 0 0 2558 4112; ppageno 0'>
   <div class='ocr_carea' id='block_1_1' title="bbox 421 367 724 418">
    <p class='ocr_par' dir='ltr' id='par_1_1' title="bbox 421 367 724 418">
     <span class='ocr_line' id='line_1_1' title="bbox 421 367 724 418; baseline 0.007 -2"><span class='ocrx_word' id='word_1_1' title='bbox 421 368 588 418; x_wconf 85' lang='lat' dir='ltr'>AENEIDOS</span> <span class='ocrx_word' id='word_1_2' title='bbox 605 367 669 418; x_wconf 83' lang='lat' dir='ltr'><strong>LIB.</strong></span> <span class='ocrx_word' id='word_1_3' title='bbox 685 369 724 418; x_wconf 81' lang='lat'>111</span> 
     </span>
    </p>
   </div>
   <div class='ocr_carea' id='block_1_2' title="bbox 157 497 1042 3492">
    <p class='ocr_par' dir='ltr' id='par_1_2' title="bbox 160 497 861 658">
     <span class='ocr_line' id='line_1_2' title="bbox 162 497 861 579; baseline 0.001 -19"><span class='ocrx_word' id='word_1_4' title='bbox 162 517 190 560; x_wconf 91' lang='lat' dir='ltr'>et</span> <span class='ocrx_word' id='word_1_5' title='bbox 205 499 270 558; x_wconf 84' lang='lat' dir='ltr'>salis</span> <span class='ocrx_word' id='word_1_6' title='bbox 283 497 406 557; x_wconf 89' lang='lat' dir='ltr'>Ausonii</span> <span class='ocrx_word' id='word_1_7' title='bbox 422 499 603 558; x_wconf 86' lang='lat' dir='ltr'>lustrandum</span> <span class='ocrx_word' id='word_1_8' title='bbox 618 500 739 560; x_wconf 90' lang='lat' dir='ltr'>navibus</span> <span class='ocrx_word' id='word_1_9' title='bbox 754 522 861 579; x_wconf 91' lang='lat' dir='ltr'>aequor</span> 
     </span>
     <span class='ocr_line' id='line_1_3' title="bbox 160 579 844 658; baseline -0.001 -17"><span class='ocrx_word' id='word_1_10' title='bbox 160 579 328 658; x_wconf 89' lang='lat' dir='ltr'>infernique</span> <span class='ocrx_word' id='word_1_11' title='bbox 343 580 422 638; x_wconf 85' lang='lat' dir='ltr'>lacus</span> <span class='ocrx_word' id='word_1_12' title='bbox 435 581 607 658; x_wconf 85' lang='lat' dir='ltr'>Aeaeaeque</span> <span class='ocrx_word' id='word_1_13' title='bbox 622 579 716 640; x_wconf 89' lang='lat' dir='ltr'>insula</span> <span class='ocrx_word' id='word_1_14' title='bbox 732 581 844 654; x_wconf 87' lang='lat' dir='ltr'>Circae,</span> 
     </span>
    </p>

    <p class='ocr_par' dir='ltr' id='par_1_3' title="bbox 161 661 831 743">
     <span class='ocr_line' id='line_1_4' title="bbox 161 661 831 743; baseline 0.001 -22"><span class='ocrx_word' id='word_1_15' title='bbox 161 682 247 743; x_wconf 84' lang='lat' dir='ltr'>quam</span> <span class='ocrx_word' id='word_1_16' title='bbox 263 676 324 720; x_wconf 92' lang='lat' dir='ltr'>tuta</span> <span class='ocrx_word' id='word_1_17' title='bbox 338 661 425 738; x_wconf 89' lang='lat' dir='ltr'>possis</span> <span class='ocrx_word' id='word_1_18' title='bbox 441 661 542 719; x_wconf 91' lang='lat' dir='ltr'>urbem</span> <span class='ocrx_word' id='word_1_19' title='bbox 558 681 734 739; x_wconf 88' lang='lat' dir='ltr'>componere</span> <span class='ocrx_word' id='word_1_20' title='bbox 750 677 831 723; x_wconf 89' lang='lat' dir='ltr'>terra.</span> 
     </span>
    </p>

    <p class='ocr_par' dir='ltr' id='par_1_4' title="bbox 160 741 860 819">
     <span class='ocr_line' id='line_1_5' title="bbox 160 741 860 819; baseline 0.001 -18"><span class='ocrx_word' id='word_1_21' title='bbox 160 745 240 819; x_wconf 89' lang='lat' dir='ltr'>signa</span> <span class='ocrx_word' id='word_1_22' title='bbox 254 741 308 800; x_wconf 92' lang='lat' dir='ltr'>tibi</span> <span class='ocrx_word' id='word_1_23' title='bbox 323 742 428 814; x_wconf 89' lang='lat' dir='ltr'>dicam,</span> <span class='ocrx_word' id='word_1_24' title='bbox 444 757 475 800; x_wconf 93' lang='lat' dir='ltr'>tu</span> <span class='ocrx_word' id='word_1_25' title='bbox 491 741 609 800; x_wconf 89' lang='lat' dir='ltr'>condita</span> <span class='ocrx_word' id='word_1_26' title='bbox 625 757 724 802; x_wconf 88' lang='lat' dir='ltr'>mente</span> <span class='ocrx_word' id='word_1_27' title='bbox 739 757 860 803; x_wconf 89' lang='lat' dir='ltr'>teneto:</span> 
     </span>
    </p>

    <p class='ocr_par' dir='ltr' id='par_1_5' title="bbox 160 822 872 884">
     <span class='ocr_line' id='line_1_6' title="bbox 160 822 872 884; baseline -0.001 0"><span class='ocrx_word' id='word_1_28' title='bbox 160 843 228 884; x_wconf 90' lang='lat' dir='ltr'>cum</span> <span class='ocrx_word' id='word_1_29' title='bbox 244 822 297 882; x_wconf 90' lang='lat' dir='ltr'>tibi</span> <span class='ocrx_word' id='word_1_30' title='bbox 313 823 439 882; x_wconf 91' lang='lat' dir='ltr'>sollicito</span> <span class='ocrx_word' id='word_1_31' title='bbox 454 822 556 882; x_wconf 89' lang='lat' dir='ltr'>secreti</span> <span class='ocrx_word' id='word_1_32' title='bbox 571 823 607 882; x_wconf 86' lang='lat' dir='ltr'>ad</span> <span class='ocrx_word' id='word_1_33' title='bbox 622 823 750 883; x_wconf 89' lang='lat' dir='ltr'>fluminis</span> <span class='ocrx_word' id='word_1_34' title='bbox 765 825 872 884; x_wconf 88' lang='lat' dir='ltr'>undam</span> 
     </span>
    </p>

    <p class='ocr_par' dir='ltr' id='par_1_6' title="bbox 159 903 779 980">
     <span class='ocr_line' id='line_1_7' title="bbox 159 903 779 980; baseline 0.002 -17"><span class='ocrx_word' id='word_1_35' title='bbox 159 903 271 964; x_wconf 90' lang='lat' dir='ltr'>litoreis</span> <span class='ocrx_word' id='word_1_36' title='bbox 285 904 386 980; x_wconf 90' lang='lat' dir='ltr'>ingens</span> <span class='ocrx_word' id='word_1_37' title='bbox 401 903 521 962; x_wconf 88' lang='lat' dir='ltr'>inventa</span> <span class='ocrx_word' id='word_1_38' title='bbox 536 905 588 962; x_wconf 90' lang='lat' dir='ltr'>sub</span> <span class='ocrx_word' id='word_1_39' title='bbox 605 905 721 964; x_wconf 84' lang='lat' dir='ltr'>ilicibus</span> <span class='ocrx_word' id='word_1_40' title='bbox 735 926 779 964; x_wconf 90' lang='lat' dir='ltr'>sus</span> 
     </span>
    </p>

    <p class='ocr_par' dir='ltr' id='par_1_7' title="bbox 160 985 748 1063">
     <span class='ocr_line' id='line_1_8' title="bbox 160 985 748 1063; baseline -0.002 -19"><span class='ocrx_word' id='word_1_41' title='bbox 160 985 279 1062; x_wconf 87' lang='lat' dir='ltr'>triginta</span> <span class='ocrx_word' id='word_1_42' title='bbox 294 985 424 1063; x_wconf 89' lang='lat' dir='ltr'>capitum</span> <span class='ocrx_word' id='word_1_43' title='bbox 439 985 515 1044; x_wconf 85' lang='lat' dir='ltr'>fetus</span> <span class='ocrx_word' id='word_1_44' title='bbox 531 985 616 1044; x_wconf 88' lang='lat' dir='ltr'>enixa</span> <span class='ocrx_word' id='word_1_45' title='bbox 632 985 748 1057; x_wconf 84' lang='lat' dir='ltr'>iacebit,</span> 
     </span>
    </p>

    <p class='ocr_par' dir='ltr' id='par_1_8' title="bbox 160 1065 865 1139">
     <span class='ocr_line' id='line_1_9' title="bbox 160 1065 865 1139; baseline -0.001 -14"><span class='ocrx_word' id='word_1_46' title='bbox 160 1067 233 1138; x_wconf 87' lang='lat' dir='ltr'>alba,</span> <span class='ocrx_word' id='word_1_47' title='bbox 249 1065 310 1124; x_wconf 92' lang='lat' dir='ltr'>solo</span> <span class='ocrx_word' id='word_1_48' title='bbox 325 1067 473 1138; x_wconf 81' lang='lat' dir='ltr'>recubans,</span> <span class='ocrx_word' id='word_1_49' title='bbox 489 1066 547 1125; x_wconf 93' lang='lat' dir='ltr'>albi</span> <span class='ocrx_word' id='word_1_50' title='bbox 564 1066 676 1125; x_wconf 86' lang='lat' dir='ltr'>circum</span> <span class='ocrx_word' id='word_1_51' title='bbox 691 1068 779 1125; x_wconf 87' lang='lat' dir='ltr'>ubera</span> <span class='ocrx_word' id='word_1_52' title='bbox 794 1065 865 1139; x_wconf 89' lang='lat' dir='ltr'>nati,</span> 
     </span>
    </p>

    <p class='ocr_par' dir='ltr' id='par_1_9' title="bbox 159 1145 875 1224">
     <span class='ocr_line' id='line_1_10' title="bbox 159 1145 875 1224; baseline 0 -18"><span class='ocrx_word' id='word_1_53' title='bbox 159 1147 182 1206; x_wconf 90' lang='lat' dir='ltr'>is</span> <span class='ocrx_word' id='word_1_54' title='bbox 197 1148 278 1205; x_wconf 90' lang='lat' dir='ltr'>locus</span> <span class='ocrx_word' id='word_1_55' title='bbox 293 1146 370 1205; x_wconf 90' lang='lat' dir='ltr'>urbis</span> <span class='ocrx_word' id='word_1_56' title='bbox 386 1145 449 1219; x_wconf 88' lang='lat' dir='ltr'>erit,</span> <span class='ocrx_word' id='word_1_57' title='bbox 465 1146 578 1224; x_wconf 81' lang='lat' dir='ltr'>requies</span> <span class='ocrx_word' id='word_1_58' title='bbox 595 1168 628 1205; x_wconf 87' lang='lat' dir='ltr'>ea</span> <span class='ocrx_word' id='word_1_59' title='bbox 642 1163 721 1206; x_wconf 89' lang='lat' dir='ltr'>certa</span> <span class='ocrx_word' id='word_1_60' title='bbox 735 1148 875 1206; x_wconf 86' lang='lat' dir='ltr'>laborum.</span> 
     </span>
    </p>

    <p class='ocr_par' dir='ltr' id='par_1_10' title="bbox 161 1229 862 1287">
     <span class='ocr_line' id='line_1_11' title="bbox 161 1229 862 1287; baseline 0 -1"><span class='ocrx_word' id='word_1_61' title='bbox 161 1248 215 1287; x_wconf 90' lang='lat' dir='ltr'>nec</span> <span class='ocrx_word' id='word_1_62' title='bbox 232 1243 263 1287; x_wconf 91' lang='lat' dir='ltr'>tu</span> <span class='ocrx_word' id='word_1_63' title='bbox 278 1247 442 1287; x_wconf 86' lang='lat' dir='ltr'>mensarum</span> <span class='ocrx_word' id='word_1_64' title='bbox 458 1247 567 1286; x_wconf 88' lang='lat' dir='ltr'>morsus</span> <span class='ocrx_word' id='word_1_65' title='bbox 583 1230 717 1287; x_wconf 86' lang='lat' dir='ltr'>horresce</span> <span class='ocrx_word' id='word_1_66' title='bbox 731 1229 862 1286; x_wconf 88' lang='lat' dir='ltr'>futuros:</span> 
     </span>
    </p>

    <p class='ocr_par' dir='ltr' id='par_1_11' title="bbox 160 1307 911 1387">
     <span class='ocr_line' id='line_1_12' title="bbox 160 1307 911 1387; baseline 0.001 -21"><span class='ocrx_word' id='word_1_67' title='bbox 160 1309 219 1366; x_wconf 84' lang='lat' dir='ltr'>fata</span> <span class='ocrx_word' id='word_1_68' title='bbox 235 1309 312 1367; x_wconf 85' lang='lat' dir='ltr'>viam</span> <span class='ocrx_word' id='word_1_69' title='bbox 327 1307 480 1367; x_wconf 88' lang='lat' dir='ltr'>invenient</span> <span class='ocrx_word' id='word_1_70' title='bbox 495 1309 646 1387; x_wconf 88' lang='lat' dir='ltr'>aderitque</span> <span class='ocrx_word' id='word_1_71' title='bbox 661 1324 779 1368; x_wconf 87' lang='lat' dir='ltr'>vocatus</span> <span class='ocrx_word' id='word_1_72' title='bbox 792 1308 911 1386; x_wconf 88' lang='lat' dir='ltr'><strong>Apollo.</strong></span> 
     </span>
    </p>

    <p class='ocr_par' dir='ltr' id='par_1_12' title="bbox 160 1388 869 1467">
     <span class='ocr_line' id='line_1_13' title="bbox 160 1388 869 1467; baseline 0.003 -20"><span class='ocrx_word' id='word_1_73' title='bbox 160 1391 209 1448; x_wconf 90' lang='lat' dir='ltr'>has</span> <span class='ocrx_word' id='word_1_74' title='bbox 225 1405 323 1448; x_wconf 88' lang='lat' dir='ltr'>autem</span> <span class='ocrx_word' id='word_1_75' title='bbox 339 1403 425 1448; x_wconf 88' lang='lat' dir='ltr'>terras</span> <span class='ocrx_word' id='word_1_76' title='bbox 440 1388 566 1467; x_wconf 89' lang='lat' dir='ltr'>Italique</span> <span class='ocrx_word' id='word_1_77' title='bbox 582 1392 657 1449; x_wconf 86' lang='lat' dir='ltr'>hanc</span> <span class='ocrx_word' id='word_1_78' title='bbox 675 1389 766 1448; x_wconf 90' lang='lat' dir='ltr'>litoris</span> <span class='ocrx_word' id='word_1_79' title='bbox 781 1410 869 1462; x_wconf 92' lang='lat' dir='ltr'>oram,</span> 
     </span>
    </p>

    <p class='ocr_par' dir='ltr' id='par_1_13' title="bbox 159 1469 933 1626">
     <span class='ocr_line' id='line_1_14' title="bbox 159 1469 933 1549; baseline 0.001 -22"><span class='ocrx_word' id='word_1_80' title='bbox 159 1470 290 1547; x_wconf 88' lang='lat' dir='ltr'>proxima</span> <span class='ocrx_word' id='word_1_81' title='bbox 304 1491 378 1547; x_wconf 82' lang='lat' dir='ltr'>quae</span> <span class='ocrx_word' id='word_1_82' title='bbox 393 1469 480 1528; x_wconf 84' lang='lat' dir='ltr'>nostri</span> <span class='ocrx_word' id='word_1_83' title='bbox 497 1471 684 1547; x_wconf 90' lang='lat' dir='ltr'>perfunditur</span> <span class='ocrx_word' id='word_1_84' title='bbox 698 1470 829 1549; x_wconf 87' lang='lat' dir='ltr'>aequoris</span> <span class='ocrx_word' id='word_1_85' title='bbox 844 1484 933 1542; x_wconf 81' lang='lat' dir='ltr'>aestu,</span> 
     </span>
     <span class='ocr_line' id='line_1_15' title="bbox 161 1550 924 1626; baseline 0.003 -18"><span class='ocrx_word' id='word_1_86' title='bbox 161 1551 276 1626; x_wconf 87' lang='lat' dir='ltr'>effuge:</span> <span class='ocrx_word' id='word_1_87' title='bbox 297 1565 403 1610; x_wconf 87' lang='lat' dir='ltr'>cuncta</span> <span class='ocrx_word' id='word_1_88' title='bbox 417 1550 500 1608; x_wconf 90' lang='lat' dir='ltr'>malis</span> <span class='ocrx_word' id='word_1_89' title='bbox 516 1551 684 1609; x_wconf 86' lang='lat' dir='ltr'>habitantur</span> <span class='ocrx_word' id='word_1_90' title='bbox 698 1551 814 1609; x_wconf 86' lang='lat' dir='ltr'>moenia</span> <span class='ocrx_word' id='word_1_91' title='bbox 830 1550 924 1610; x_wconf 84' lang='lat' dir='ltr'>Grais.</span> 
     </span>
    </p>

    <p class='ocr_par' dir='ltr' id='par_1_14' title="bbox 159 1631 792 1709">
     <span class='ocr_line' id='line_1_16' title="bbox 159 1631 792 1709; baseline 0.002 -20"><span class='ocrx_word' id='word_1_92' title='bbox 159 1631 207 1689; x_wconf 91' lang='lat' dir='ltr'>hic</span> <span class='ocrx_word' id='word_1_93' title='bbox 224 1646 253 1689; x_wconf 91' lang='lat' dir='ltr'>et</span> <span class='ocrx_word' id='word_1_94' title='bbox 268 1631 388 1709; x_wconf 84' lang='lat' dir='ltr'>Narycii</span> <span class='ocrx_word' id='word_1_95' title='bbox 403 1648 560 1709; x_wconf 89' lang='lat' dir='ltr'>posuerunt</span> <span class='ocrx_word' id='word_1_96' title='bbox 575 1631 691 1690; x_wconf 90' lang='lat' dir='ltr'>moenia</span> <span class='ocrx_word' id='word_1_97' title='bbox 705 1631 792 1690; x_wconf 90' lang='lat' dir='ltr'>Locri</span> 
     </span>
    </p>

    <p class='ocr_par' dir='ltr' id='par_1_15' title="bbox 158 1712 1042 1952">
     <span class='ocr_line' id='line_1_17' title="bbox 160 1712 1029 1792; baseline 0 -22"><span class='ocrx_word' id='word_1_98' title='bbox 160 1729 188 1770; x_wconf 93' lang='lat' dir='ltr'>et</span> <span class='ocrx_word' id='word_1_99' title='bbox 203 1712 379 1781; x_wconf 86' lang='lat' dir='ltr'>Sallentinos</span> <span class='ocrx_word' id='word_1_100' title='bbox 394 1712 507 1771; x_wconf 90' lang='lat' dir='ltr'>obsedit</span> <span class='ocrx_word' id='word_1_101' title='bbox 522 1712 617 1770; x_wconf 89' lang='lat' dir='ltr'>milite</span> <span class='ocrx_word' id='word_1_102' title='bbox 632 1733 748 1792; x_wconf 86' lang='lat' dir='ltr'>campos</span> <span class='ocrx_word' id='word_1_103' title='bbox 990 1741 1029 1779; x_wconf 81' lang='lat'>400</span> 
     </span>
     <span class='ocr_line' id='line_1_18' title="bbox 159 1791 1042 1870; baseline -0.001 -19"><span class='ocrx_word' id='word_1_104' title='bbox 159 1792 280 1870; x_wconf 83' lang='lat' dir='ltr'>Lyctius</span> <span class='ocrx_word' id='word_1_105' title='bbox 294 1793 470 1852; x_wconf 86' lang='lat' dir='ltr'>Idomeneus</span> <span class='ocrx_word' id='word_1_106' title='bbox 485 1815 492 1851; x_wconf 92' lang='lat'>:</span> <span class='ocrx_word' id='word_1_107' title='bbox 514 1793 562 1850; x_wconf 92' lang='lat' dir='ltr'>hic</span> <span class='ocrx_word' id='word_1_108' title='bbox 579 1792 630 1850; x_wconf 93' lang='lat' dir='ltr'>illa</span> <span class='ocrx_word' id='word_1_109' title='bbox 644 1793 727 1851; x_wconf 89' lang='lat' dir='ltr'>ducis</span> <span class='ocrx_word' id='word_1_110' title='bbox 742 1791 885 1851; x_wconf 87' lang='lat' dir='ltr'>Meliboei</span> <span class='ocrx_word' id='word_1_111' title='bbox 1038 1806 1042 1816; x_wconf 63' lang='lat'>¹</span> 
     </span>
     <span class='ocr_line' id='line_1_19' title="bbox 158 1871 815 1952; baseline 0 -20"><span class='ocrx_word' id='word_1_112' title='bbox 158 1895 245 1952; x_wconf 84' lang='lat' dir='ltr'>parva</span> <span class='ocrx_word' id='word_1_113' title='bbox 262 1873 443 1933; x_wconf 89' lang='lat' dir='ltr'>Philoctetae</span> <span class='ocrx_word' id='word_1_114' title='bbox 458 1873 580 1932; x_wconf 84' lang='lat' dir='ltr'>subnixa</span> <span class='ocrx_word' id='word_1_115' title='bbox 597 1871 708 1931; x_wconf 88' lang='lat' dir='ltr'>Petelia</span> <span class='ocrx_word' id='word_1_116' title='bbox 722 1893 815 1932; x_wconf 87' lang='lat' dir='ltr'>muro.</span> 
     </span>
    </p>

    <p class='ocr_par' dir='ltr' id='par_1_16' title="bbox 158 1951 994 2115">
     <span class='ocr_line' id='line_1_20' title="bbox 158 1951 994 2034; baseline -0.004 -20"><span class='ocrx_word' id='word_1_117' title='bbox 158 1955 230 2034; x_wconf 91' lang='lat' dir='ltr'>quin</span> <span class='ocrx_word' id='word_1_118' title='bbox 246 1955 295 2016; x_wconf 80' lang='lat' dir='ltr'>‘ubi</span> <span class='ocrx_word' id='word_1_119' title='bbox 312 1955 490 2014; x_wconf 86' lang='lat' dir='ltr'>transmissae</span> <span class='ocrx_word' id='word_1_120' title='bbox 507 1953 640 2012; x_wconf 87' lang='lat' dir='ltr'>steterint</span> <span class='ocrx_word' id='word_1_121' title='bbox 655 1968 732 2012; x_wconf 91' lang='lat' dir='ltr'>trans</span> <span class='ocrx_word' id='word_1_122' title='bbox 746 1974 868 2032; x_wconf 88' lang='lat' dir='ltr'>aequora</span> <span class='ocrx_word' id='word_1_123' title='bbox 883 1951 994 2024; x_wconf 85' lang='lat' dir='ltr'>classes,</span> 
     </span>
     <span class='ocr_line' id='line_1_21' title="bbox 160 2033 787 2115; baseline -0.006 -19"><span class='ocrx_word' id='word_1_124' title='bbox 160 2053 189 2095; x_wconf 90' lang='lat' dir='ltr'>et</span> <span class='ocrx_word' id='word_1_125' title='bbox 202 2035 304 2115; x_wconf 91' lang='lat' dir='ltr'>positis</span> <span class='ocrx_word' id='word_1_126' title='bbox 319 2036 372 2094; x_wconf 89' lang='lat' dir='ltr'>aris</span> <span class='ocrx_word' id='word_1_127' title='bbox 385 2035 442 2093; x_wconf 87' lang='lat' dir='ltr'>iam</span> <span class='ocrx_word' id='word_1_128' title='bbox 457 2049 524 2092; x_wconf 91' lang='lat' dir='ltr'>vota</span> <span class='ocrx_word' id='word_1_129' title='bbox 538 2033 569 2092; x_wconf 92' lang='lat' dir='ltr'>in</span> <span class='ocrx_word' id='word_1_130' title='bbox 585 2034 670 2093; x_wconf 89' lang='lat' dir='ltr'>litore</span> <span class='ocrx_word' id='word_1_131' title='bbox 685 2034 787 2106; x_wconf 88' lang='lat' dir='ltr'>solves,</span> 
     </span>
    </p>

    <p class='ocr_par' dir='ltr' id='par_1_17' title="bbox 157 2115 825 2197">
     <span class='ocr_line' id='line_1_22' title="bbox 157 2115 825 2197; baseline -0.004 -20"><span class='ocrx_word' id='word_1_132' title='bbox 157 2137 304 2197; x_wconf 88' lang='lat' dir='ltr'>purpureo</span> <span class='ocrx_word' id='word_1_133' title='bbox 317 2117 412 2176; x_wconf 86' lang='lat' dir='ltr'>velare</span> <span class='ocrx_word' id='word_1_134' title='bbox 427 2135 523 2174; x_wconf 88' lang='lat' dir='ltr'>comas</span> <span class='ocrx_word' id='word_1_135' title='bbox 540 2115 691 2193; x_wconf 88' lang='lat' dir='ltr'>adopertus</span> <span class='ocrx_word' id='word_1_136' title='bbox 706 2115 825 2188; x_wconf 89' lang='lat' dir='ltr'>amictu,</span> 
     </span>
    </p>

    <p class='ocr_par' dir='ltr' id='par_1_18' title="bbox 158 2195 887 2278">
     <span class='ocr_line' id='line_1_23' title="bbox 158 2195 887 2278; baseline -0.005 -20"><span class='ocrx_word' id='word_1_137' title='bbox 158 2220 197 2258; x_wconf 92' lang='lat' dir='ltr'>ne</span> <span class='ocrx_word' id='word_1_138' title='bbox 212 2221 269 2278; x_wconf 92' lang='lat' dir='ltr'>qua</span> <span class='ocrx_word' id='word_1_139' title='bbox 283 2198 361 2257; x_wconf 89' lang='lat' dir='ltr'>inter</span> <span class='ocrx_word' id='word_1_140' title='bbox 374 2211 487 2256; x_wconf 89' lang='lat' dir='ltr'>sanctos</span> <span class='ocrx_word' id='word_1_141' title='bbox 502 2195 583 2272; x_wconf 88' lang='lat' dir='ltr'>ignes</span> <span class='ocrx_word' id='word_1_142' title='bbox 597 2195 628 2254; x_wconf 90' lang='lat' dir='ltr'>in</span> <span class='ocrx_word' id='word_1_143' title='bbox 643 2197 754 2254; x_wconf 88' lang='lat' dir='ltr'>honore</span> <span class='ocrx_word' id='word_1_144' title='bbox 768 2196 887 2255; x_wconf 89' lang='lat' dir='ltr'>deorum</span> 
     </span>
    </p>

    <p class='ocr_par' dir='ltr' id='par_1_19' title="bbox 157 2276 802 2340">
     <span class='ocr_line' id='line_1_24' title="bbox 157 2276 802 2340; baseline -0.005 -1"><span class='ocrx_word' id='word_1_145' title='bbox 157 2280 271 2340; x_wconf 86' lang='lat' dir='ltr'>hostilis</span> <span class='ocrx_word' id='word_1_146' title='bbox 286 2279 374 2338; x_wconf 87' lang='lat' dir='ltr'>facies</span> <span class='ocrx_word' id='word_1_147' title='bbox 390 2292 522 2337; x_wconf 87' lang='lat' dir='ltr'>occurrat</span> <span class='ocrx_word' id='word_1_148' title='bbox 538 2291 567 2336; x_wconf 89' lang='lat' dir='ltr'>et</span> <span class='ocrx_word' id='word_1_149' title='bbox 581 2276 679 2335; x_wconf 89' lang='lat' dir='ltr'>omina</span> <span class='ocrx_word' id='word_1_150' title='bbox 695 2277 802 2336; x_wconf 91' lang='lat' dir='ltr'>turbet.</span> 
     </span>
    </p>

    <p class='ocr_par' dir='ltr' id='par_1_20' title="bbox 157 2357 915 2435">
     <span class='ocr_line' id='line_1_25' title="bbox 157 2357 915 2435; baseline -0.008 -15"><span class='ocrx_word' id='word_1_151' title='bbox 157 2362 237 2419; x_wconf 90' lang='lat' dir='ltr'>bunc</span> <span class='ocrx_word' id='word_1_152' title='bbox 254 2361 323 2420; x_wconf 88' lang='lat' dir='ltr'>socii</span> <span class='ocrx_word' id='word_1_153' title='bbox 338 2379 449 2418; x_wconf 89' lang='lat' dir='ltr'>morem</span> <span class='ocrx_word' id='word_1_154' title='bbox 466 2377 620 2430; x_wconf 87' lang='lat' dir='ltr'>sacrorum,</span> <span class='ocrx_word' id='word_1_155' title='bbox 636 2359 715 2415; x_wconf 92' lang='lat' dir='ltr'>hunc</span> <span class='ocrx_word' id='word_1_156' title='bbox 730 2357 792 2435; x_wconf 89' lang='lat' dir='ltr'>ipse</span> <span class='ocrx_word' id='word_1_157' title='bbox 807 2371 915 2427; x_wconf 90' lang='lat' dir='ltr'>teneto,</span> 
     </span>
    </p>

    <p class='ocr_par' dir='ltr' id='par_1_21' title="bbox 158 2438 800 2515">
     <span class='ocr_line' id='line_1_26' title="bbox 158 2438 800 2515; baseline -0.005 -16"><span class='ocrx_word' id='word_1_158' title='bbox 158 2443 212 2501; x_wconf 84' lang='lat' dir='ltr'>hac</span> <span class='ocrx_word' id='word_1_159' title='bbox 228 2441 300 2502; x_wconf 88' lang='lat' dir='ltr'>casti</span> <span class='ocrx_word' id='word_1_160' title='bbox 315 2455 453 2500; x_wconf 89' lang='lat' dir='ltr'>maneant</span> <span class='ocrx_word' id='word_1_161' title='bbox 467 2439 499 2497; x_wconf 86' lang='lat' dir='ltr'>in</span> <span class='ocrx_word' id='word_1_162' title='bbox 515 2438 656 2515; x_wconf 86' lang='lat' dir='ltr'>religione</span> <span class='ocrx_word' id='word_1_163' title='bbox 672 2453 800 2515; x_wconf 88' lang='lat' dir='ltr'>nepotes.</span> 
     </span>
    </p>

    <p class='ocr_par' dir='ltr' id='par_1_22' title="bbox 157 2517 1030 2679">
     <span class='ocr_line' id='line_1_27' title="bbox 158 2517 1030 2598; baseline -0.008 -17"><span class='ocrx_word' id='word_1_164' title='bbox 158 2537 200 2581; x_wconf 91' lang='lat' dir='ltr'>ast</span> <span class='ocrx_word' id='word_1_165' title='bbox 215 2522 265 2581; x_wconf 94' lang='lat' dir='ltr'>ubi</span> <span class='ocrx_word' id='word_1_166' title='bbox 281 2523 438 2598; x_wconf 88' lang='lat' dir='ltr'>digressum</span> <span class='ocrx_word' id='word_1_167' title='bbox 455 2521 570 2580; x_wconf 86' lang='lat' dir='ltr'>Siculae</span> <span class='ocrx_word' id='word_1_168' title='bbox 587 2535 616 2578; x_wconf 91' lang='lat' dir='ltr'>te</span> <span class='ocrx_word' id='word_1_169' title='bbox 631 2517 793 2578; x_wconf 87' lang='lat' dir='ltr'>admoverit</span> <span class='ocrx_word' id='word_1_170' title='bbox 807 2537 886 2586; x_wconf 82' lang='lat' dir='ltr'>orac¹</span> <span class='ocrx_word' id='word_1_171' title='bbox 991 2546 1030 2584; x_wconf 85' lang='lat'>410</span> 
     </span>
     <span class='ocr_line' id='line_1_28' title="bbox 157 2598 860 2679; baseline -0.009 -17"><span class='ocrx_word' id='word_1_172' title='bbox 157 2619 270 2677; x_wconf 88' lang='lat' dir='ltr'>ventus,</span> <span class='ocrx_word' id='word_1_173' title='bbox 288 2619 316 2662; x_wconf 87' lang='lat' dir='ltr'>et</span> <span class='ocrx_word' id='word_1_174' title='bbox 331 2601 442 2679; x_wconf 83' lang='lat' dir='ltr'>angusti</span> <span class='ocrx_word' id='word_1_175' title='bbox 458 2616 604 2662; x_wconf 88' lang='lat' dir='ltr'>rarescent</span> <span class='ocrx_word' id='word_1_176' title='bbox 618 2601 739 2660; x_wconf 89' lang='lat' dir='ltr'>claustra</span> <span class='ocrx_word' id='word_1_177' title='bbox 755 2598 860 2671; x_wconf 89' lang='lat' dir='ltr'>Pelori,</span> 
     </span>
    </p>

    <p class='ocr_par' dir='ltr' id='par_1_23' title="bbox 158 2683 801 2760">
     <span class='ocr_line' id='line_1_29' title="bbox 158 2683 801 2760; baseline -0.005 -18"><span class='ocrx_word' id='word_1_178' title='bbox 158 2685 240 2743; x_wconf 85' lang='lat' dir='ltr'>laeva</span> <span class='ocrx_word' id='word_1_179' title='bbox 254 2685 307 2744; x_wconf 91' lang='lat' dir='ltr'>tibi</span> <span class='ocrx_word' id='word_1_180' title='bbox 324 2683 410 2743; x_wconf 87' lang='lat' dir='ltr'>tellus</span> <span class='ocrx_word' id='word_1_181' title='bbox 425 2699 454 2741; x_wconf 88' lang='lat' dir='ltr'>et</span> <span class='ocrx_word' id='word_1_182' title='bbox 468 2683 557 2760; x_wconf 93' lang='lat' dir='ltr'>longo</span> <span class='ocrx_word' id='word_1_183' title='bbox 572 2683 652 2742; x_wconf 83' lang='lat' dir='ltr'>laeva</span> <span class='ocrx_word' id='word_1_184' title='bbox 665 2697 801 2760; x_wconf 86' lang='lat' dir='ltr'>petantur</span> 
     </span>
    </p>

    <p class='ocr_par' dir='ltr' id='par_1_24' title="bbox 158 2760 922 2844">
     <span class='ocr_line' id='line_1_30' title="bbox 158 2760 922 2844; baseline -0.003 -22"><span class='ocrx_word' id='word_1_185' title='bbox 158 2786 280 2844; x_wconf 88' lang='lat' dir='ltr'>aequora</span> <span class='ocrx_word' id='word_1_186' title='bbox 295 2763 420 2824; x_wconf 89' lang='lat' dir='ltr'>circuitu</span> <span class='ocrx_word' id='word_1_187' title='bbox 429 2788 439 2834; x_wconf 91' lang='lat'>;</span> <span class='ocrx_word' id='word_1_188' title='bbox 460 2764 596 2824; x_wconf 83' lang='lat' dir='ltr'>dextrum</span> <span class='ocrx_word' id='word_1_189' title='bbox 612 2765 680 2840; x_wconf 87' lang='lat' dir='ltr'>fuge</span> <span class='ocrx_word' id='word_1_190' title='bbox 695 2763 765 2822; x_wconf 90' lang='lat' dir='ltr'>litus</span> <span class='ocrx_word' id='word_1_191' title='bbox 779 2777 807 2821; x_wconf 91' lang='lat' dir='ltr'>et</span> <span class='ocrx_word' id='word_1_192' title='bbox 822 2760 922 2820; x_wconf 88' lang='lat' dir='ltr'>undas.</span> 
     </span>
    </p>

    <p class='ocr_par' dir='ltr' id='par_1_25' title="bbox 157 2841 948 3084">
     <span class='ocr_line' id='line_1_31' title="bbox 158 2841 948 2924; baseline -0.005 -21"><span class='ocrx_word' id='word_1_193' title='bbox 158 2847 229 2905; x_wconf 87' lang='lat' dir='ltr'>haec</span> <span class='ocrx_word' id='word_1_194' title='bbox 246 2847 311 2904; x_wconf 88' lang='lat' dir='ltr'>loca</span> <span class='ocrx_word' id='word_1_195' title='bbox 326 2845 354 2904; x_wconf 90' lang='lat' dir='ltr'>vi</span> <span class='ocrx_word' id='word_1_196' title='bbox 371 2844 518 2924; x_wconf 91' lang='lat' dir='ltr'>quondam</span> <span class='ocrx_word' id='word_1_197' title='bbox 535 2861 564 2904; x_wconf 89' lang='lat' dir='ltr'>et</span> <span class='ocrx_word' id='word_1_198' title='bbox 579 2859 657 2904; x_wconf 83' lang='lat' dir='ltr'>vasta</span> <span class='ocrx_word' id='word_1_199' title='bbox 672 2844 811 2903; x_wconf 86' lang='lat' dir='ltr'>convulsa</span> <span class='ocrx_word' id='word_1_200' title='bbox 824 2841 948 2901; x_wconf 87' lang='lat' dir='ltr'>ruina—</span> 
     </span>
     <span class='ocr_line' id='line_1_32' title="bbox 158 2925 922 3004; baseline -0.004 -19"><span class='ocrx_word' id='word_1_201' title='bbox 158 2941 271 2986; x_wconf 89' lang='lat' dir='ltr'>tautum</span> <span class='ocrx_word' id='word_1_202' title='bbox 286 2927 349 2986; x_wconf 87' lang='lat' dir='ltr'>aevi</span> <span class='ocrx_word' id='word_1_203' title='bbox 365 2925 523 3004; x_wconf 85' lang='lat' dir='ltr'>longinqua</span> <span class='ocrx_word' id='word_1_204' title='bbox 537 2927 615 2985; x_wconf 88' lang='lat' dir='ltr'>valet</span> <span class='ocrx_word' id='word_1_205' title='bbox 629 2940 740 2984; x_wconf 89' lang='lat' dir='ltr'>mutare</span> <span class='ocrx_word' id='word_1_206' title='bbox 755 2939 922 2983; x_wconf 86' lang='lat' dir='ltr'>vetustas-</span> 
     </span>
     <span class='ocr_line' id='line_1_33' title="bbox 157 3005 904 3084; baseline -0.003 -18"><span class='ocrx_word' id='word_1_207' title='bbox 157 3007 314 3067; x_wconf 88' lang='lat' dir='ltr'>dissiluisse</span> <span class='ocrx_word' id='word_1_208' title='bbox 328 3008 437 3079; x_wconf 88' lang='lat' dir='ltr'>ferunt,</span> <span class='ocrx_word' id='word_1_209' title='bbox 453 3027 521 3068; x_wconf 89' lang='lat' dir='ltr'>cum</span> <span class='ocrx_word' id='word_1_210' title='bbox 536 3007 666 3084; x_wconf 87' lang='lat' dir='ltr'>protinus</span> <span class='ocrx_word' id='word_1_211' title='bbox 682 3021 801 3084; x_wconf 86' lang='lat' dir='ltr'>utraque</span> <span class='ocrx_word' id='word_1_212' title='bbox 817 3005 904 3064; x_wconf 89' lang='lat' dir='ltr'>tellus</span> 
     </span>
    </p>

    <p class='ocr_par' dir='ltr' id='par_1_26' title="bbox 157 3085 969 3325">
     <span class='ocr_line' id='line_1_34' title="bbox 157 3085 848 3164; baseline -0.006 -17"><span class='ocrx_word' id='word_1_213' title='bbox 157 3109 214 3147; x_wconf 89' lang='lat' dir='ltr'>una</span> <span class='ocrx_word' id='word_1_214' title='bbox 228 3090 326 3148; x_wconf 90' lang='lat' dir='ltr'>foret:</span> <span class='ocrx_word' id='word_1_215' title='bbox 348 3088 430 3148; x_wconf 88' lang='lat' dir='ltr'>venit</span> <span class='ocrx_word' id='word_1_216' title='bbox 444 3088 542 3146; x_wconf 90' lang='lat' dir='ltr'>medio</span> <span class='ocrx_word' id='word_1_217' title='bbox 556 3087 584 3146; x_wconf 88' lang='lat' dir='ltr'>vi</span> <span class='ocrx_word' id='word_1_218' title='bbox 599 3101 704 3164; x_wconf 89' lang='lat' dir='ltr'>pontus</span> <span class='ocrx_word' id='word_1_219' title='bbox 719 3101 749 3145; x_wconf 85' lang='lat' dir='ltr'>et</span> <span class='ocrx_word' id='word_1_220' title='bbox 764 3085 848 3144; x_wconf 90' lang='lat' dir='ltr'>undis</span> 
     </span>
     <span class='ocr_line' id='line_1_35' title="bbox 157 3167 969 3247; baseline -0.001 -21"><span class='ocrx_word' id='word_1_221' title='bbox 157 3169 336 3247; x_wconf 87' lang='lat' dir='ltr'>Hesperium</span> <span class='ocrx_word' id='word_1_222' title='bbox 352 3168 451 3228; x_wconf 90' lang='lat' dir='ltr'>Siculo</span> <span class='ocrx_word' id='word_1_223' title='bbox 465 3169 539 3227; x_wconf 89' lang='lat' dir='ltr'>latus</span> <span class='ocrx_word' id='word_1_224' title='bbox 554 3167 686 3240; x_wconf 84' lang='lat' dir='ltr'>abscidit,</span> <span class='ocrx_word' id='word_1_225' title='bbox 702 3187 825 3246; x_wconf 83' lang='lat' dir='ltr'>arvaque</span> <span class='ocrx_word' id='word_1_226' title='bbox 841 3182 871 3226; x_wconf 92' lang='lat' dir='ltr'>et</span> <span class='ocrx_word' id='word_1_227' title='bbox 885 3168 969 3226; x_wconf 82' lang='lat' dir='ltr'>urbes</span> 
     </span>
     <span class='ocr_line' id='line_1_36' title="bbox 157 3247 775 3325; baseline 0.002 -18"><span class='ocrx_word' id='word_1_228' title='bbox 157 3249 242 3308; x_wconf 90' lang='lat' dir='ltr'>litore</span> <span class='ocrx_word' id='word_1_229' title='bbox 257 3249 389 3309; x_wconf 92' lang='lat' dir='ltr'>diductas</span> <span class='ocrx_word' id='word_1_230' title='bbox 405 3265 524 3325; x_wconf 87' lang='lat' dir='ltr'>angusto</span> <span class='ocrx_word' id='word_1_231' title='bbox 538 3247 672 3307; x_wconf 90' lang='lat' dir='ltr'>interluit</span> <span class='ocrx_word' id='word_1_232' title='bbox 686 3262 775 3308; x_wconf 85' lang='lat' dir='ltr'>aestu.</span> 
     </span>
    </p>

    <p class='ocr_par' dir='ltr' id='par_1_27' title="bbox 157 3326 1028 3492">
     <span class='ocr_line' id='line_1_37' title="bbox 157 3326 1028 3409; baseline -0.003 -23"><span class='ocrx_word' id='word_1_233' title='bbox 157 3328 293 3390; x_wconf 82' lang='lat' dir='ltr'>dextrum</span> <span class='ocrx_word' id='word_1_234' title='bbox 309 3331 406 3409; x_wconf 88' lang='lat' dir='ltr'>Scylla</span> <span class='ocrx_word' id='word_1_235' title='bbox 421 3332 503 3401; x_wconf 92' lang='lat' dir='ltr'>latus,</span> <span class='ocrx_word' id='word_1_236' title='bbox 519 3327 634 3388; x_wconf 87' lang='lat' dir='ltr'>laevum</span> <span class='ocrx_word' id='word_1_237' title='bbox 649 3329 794 3407; x_wconf 87' lang='lat' dir='ltr'>inplacata</span> <span class='ocrx_word' id='word_1_238' title='bbox 809 3326 971 3406; x_wconf 86' lang='lat' dir='ltr'>Charybdis</span> <span class='ocrx_word' id='word_1_239' title='bbox 988 3353 1028 3392; x_wconf 67' lang='grc' dir='ltr'>μα</span> 
     </span>
     <span class='ocr_line' id='line_1_38' title="bbox 158 3410 889 3492; baseline -0.001 -24"><span class='ocrx_word' id='word_1_240' title='bbox 158 3411 280 3486; x_wconf 87' lang='lat' dir='ltr'>obsidet,</span> <span class='ocrx_word' id='word_1_241' title='bbox 295 3429 382 3492; x_wconf 90' lang='lat' dir='ltr'>atque</span> <span class='ocrx_word' id='word_1_242' title='bbox 396 3412 457 3471; x_wconf 90' lang='lat' dir='ltr'>imo</span> <span class='ocrx_word' id='word_1_243' title='bbox 472 3410 597 3470; x_wconf 88' lang='lat' dir='ltr'>barathri</span> <span class='ocrx_word' id='word_1_244' title='bbox 613 3425 656 3469; x_wconf 90' lang='lat' dir='ltr'>ter</span> <span class='ocrx_word' id='word_1_245' title='bbox 670 3410 782 3486; x_wconf 88' lang='lat' dir='ltr'>gurgite</span> <span class='ocrx_word' id='word_1_246' title='bbox 796 3425 889 3468; x_wconf 88' lang='lat' dir='ltr'>vastos</span> 
     </span>
    </p>
   </div>
   <div class='ocr_carea' id='block_1_3' title="bbox 0 0 1284 4112">
    <p class='ocr_par' dir='ltr' id='par_1_28' title="bbox 0 0 1284 4112">
     <span class='ocr_line' id='line_1_39' title="bbox 0 0 1284 4112; baseline 0 0"><span class='ocrx_word' id='word_1_247' title='bbox 0 0 1284 4112; x_wconf 95' lang='lat' dir='ltr'> </span> 
     </span>
    </p>
   </div>
  </div>
 </body>
</html>
