2558 4112
437 399 639 448 GEORGICON
656 399 719 448 LIB.
737 401 776 448 IV
1028 401 1061 463 89

191 528 308 601 restitit,
324 527 547 606 Eurydicenque
563 549 642 586 snam
658 529 714 586 iam
730 529 795 588 luce
811 530 862 588 sub
877 530 937 608 ipsa
1024 559 1064 601 490
1131 596 1133 604 Ι

191 611 337 668 inmemor
350 611 419 680 hen,
434 609 584 687 victusque
599 609 688 668 animi
703 611 837 687 respexit.
879 610 919 669 ibi
934 611 1030 670 omnis

193 692 298 750 effusus
313 690 403 762 labor,
419 705 504 768 atque
519 690 630 748 inmitis
645 706 728 769 rupta
744 690 858 768 tyranni

140 839 144 844 ¹
192 771 318 843 foedera,
334 785 436 848 terque
452 771 545 846 fragor
559 771 665 847 stagnis
680 771 793 830 auditus
806 772 940 830 Avernis.

191 853 242 909 illa
265 851 356 928 “quis
376 867 405 909 et
424 851 499 923 me,’'
522 851 627 930 inquit,
645 852 804 910 “miseram
828 867 856 910 et
878 868 907 911 te
928 853 1063 931 perdidit,

274 933 408 1009 orphen,

192 1012 256 1091 quis
272 1028 368 1070 tantus
383 1014 485 1071 furor?
507 1033 543 1071 en
559 1013 664 1072 iterum
680 1014 809 1073 crudelia
823 1029 900 1072 retro

192 1094 251 1151 fata
264 1107 368 1151 vocant
383 1093 540 1171 conditque
556 1095 682 1153 natantia
698 1095 810 1153 lumina
824 1115 950 1154 somnus.

191 1173 307 1251 iamque
322 1174 386 1232 vale
401 1196 408 1232 :
431 1174 508 1232 feror
523 1175 634 1252 ingenti
651 1175 828 1234 circumdata
843 1191 929 1234 nocte

191 1254 388 1332 invalidasque
403 1254 456 1313 tibi
473 1256 606 1327 tendens,
621 1257 679 1314 hen
695 1276 756 1313 non
771 1271 829 1329 tua,
844 1256 952 1333 palmas
965 1257 972 1314 l
985 1254 1000 1282 ”

191 1335 267 1393 dixit
283 1352 312 1394 et
326 1355 361 1393 ex
377 1336 469 1394 oculis
484 1336 588 1409 subito,
605 1357 658 1395 cen
674 1336 770 1400 fumus
785 1336 815 1394 in
831 1357 911 1394 auras

191 1416 367 1474 commixtus
383 1432 493 1489 tennes,
510 1417 585 1492 fugit
600 1417 720 1489 diversa,
737 1437 831 1495 neque
846 1416 929 1476 illum
1024 1445 1063 1484 500

190 1513 378 1574 prensantem
394 1498 571 1576 nequiquam
588 1497 701 1556 umbras
717 1513 746 1556 et
760 1498 852 1556 multa
867 1499 1015 1556 volentem

190 1577 288 1636 dicere
303 1594 451 1654 praeterea
466 1579 548 1650 vidit,
564 1598 619 1637 nec
634 1578 757 1656 portitor
772 1579 843 1637 Orci

192 1657 316 1736 amplius
331 1659 477 1718 obiectam
493 1680 590 1737 passus
606 1659 727 1718 transire
741 1659 889 1736 paludem.

190 1738 260 1816 qnid
275 1740 406 1798 faceret?
427 1761 485 1817 qno
501 1761 529 1798 se
544 1755 624 1817 rapta
639 1739 682 1798 bis
699 1739 821 1815 coniuge
837 1741 945 1798 ferret?

191 1840 248 1897 quo
262 1818 334 1878 fletu
351 1821 466 1894 Manes,
483 1842 539 1898 qna
555 1820 676 1878 numina
691 1840 764 1878 voce
778 1824 930 1879 moveret?

190 1899 241 1958 illa
256 1901 374 1978 quidem
390 1901 487 1978 Stygia
504 1902 592 1960 nabat
607 1901 665 1959 iam
680 1901 783 1977 frigida
797 1901 911 1960 cumba.

190 1996 301 2058 septem
316 1981 401 2040 illum
417 1998 492 2041 totos
507 1982 664 2060 perhibent
679 2003 714 2040 ex
729 1982 831 2041 ordine
847 2002 959 2040 menses
1013 2036 1017 2048 ,

190 2082 262 2139 rupe
277 2063 329 2120 sub
344 2063 417 2121 aeria
433 2063 539 2122 deserti
555 2064 591 2122 ad
607 2063 767 2140 Strymonis
782 2063 890 2121 undam

190 2141 301 2202 flevisse
317 2159 346 2201 et
360 2143 462 2220 gelidis
477 2146 549 2203 haec
567 2144 707 2202 evolvisse
722 2144 773 2202 snb
788 2144 886 2215 antris,

190 2223 371 2283 mulcentem
388 2224 473 2299 tigres
490 2241 518 2282 et
534 2239 668 2301 agentem
685 2224 813 2282 carmine
828 2243 973 2302 quercus3
1024 2251 1063 2289 510

190 2304 282 2381 qualis
296 2305 423 2382 populea
440 2325 571 2363 maerens
586 2304 748 2382 philomela
765 2304 816 2362 snb
831 2304 931 2362 umbra

191 2385 305 2443 amissos
321 2386 451 2463 queritur
467 2386 554 2456 fetus,
571 2406 642 2463 quos
657 2385 745 2443 durus
759 2399 853 2442 arator

190 2467 343 2525 observans
358 2467 428 2525 nido
444 2466 593 2544 inplumes
608 2465 756 2536 detraxit3
778 2481 807 2523 at
821 2465 872 2524 illa

190 2546 241 2605 flet
255 2563 374 2606 noctem
389 2568 527 2626 ramoque
545 2548 646 2606 sedens
661 2546 824 2605 miserabile
839 2564 955 2604 carmen

189 2627 314 2705 integrat
330 2643 360 2687 et
374 2629 490 2687 maestis
507 2629 564 2687 late
581 2629 645 2687 loca
661 2627 807 2708 questibus
822 2627 925 2705 inplet.

190 2709 271 2768 nulla
286 2710 397 2783 Venus,
414 2730 473 2768 non
491 2709 546 2768 ulli
563 2709 692 2767 animum
707 2707 813 2767 flexere
828 2706 993 2784 hymenaei.

190 2790 266 2848 solus
282 2791 485 2868 Hyperboreas
502 2790 607 2866 glacies
624 2789 811 2867 Tanaimque
825 2786 953 2846 nivalem

190 2891 314 2949 arvaque
330 2871 467 2950 Rhipaeis
484 2891 646 2951 numquam
663 2870 780 2928 viduata
794 2869 904 2946 pruinis

190 2951 338 3024 lustrabat,
353 2968 464 3030 raptam
480 2952 646 3029 Eurydicen
664 2966 751 3029 atque
767 2950 854 3007 inrita
868 2949 946 3007 Ditis

189 3031 265 3090 dona
282 3053 425 3110 querens;
448 3049 559 3110 spretae
575 3033 722 3091 Ciconum
739 3052 797 3108 qno
813 3050 933 3088 munere
947 3044 1053 3088 matres

188 3111 268 3170 inter
282 3133 360 3172 sacra
375 3114 462 3172 deum
478 3113 672 3191 nocturnique
688 3111 766 3187 orgia
781 3111 888 3170 Bacchi
1024 3137 1061 3177 521

188 3192 368 3271 discerptum
383 3194 457 3252 latos
471 3194 608 3252 iuvenem
624 3213 751 3270 sparsere
765 3213 818 3271 per
833 3213 920 3268 agros.

189 3288 252 3331 tum
268 3294 384 3352 quoqne
399 3294 558 3332 marmorea
573 3289 660 3350 capnt
674 3295 690 3332 a
706 3273 818 3331 cervice
833 3273 978 3332 revulsum

187 3355 302 3430 gurgite
317 3375 385 3413 cnm
399 3355 496 3413 medio
509 3369 626 3431 portans
642 3353 781 3430 Oeagrius
796 3354 914 3412 Hebrus

254 3463 302 3512 493
321 3449 396 3510 stagni
413 3457 447 3496 eat
465 3485 471 3496 .
488 3481 496 3497 .
512 3482 519 3497 .
537 3447 634 3497 Averni.
711 3459 756 3511 505
774 3463 831 3510 quae
848 3445 953 3494 numina.
