2558 4112
371 1209 500 1270 'LIBER
522 1209 750 1272 SECUNDUS

144 1406 337 1466 Conmcuanu
351 1426 461 1478 omnes,
475 1406 640 1488 intentique
653 1429 703 1466 ora
717 1408 863 1469 tenebant.

143 1487 211 1546 inde
227 1503 291 1545 toro
305 1500 386 1564 pater
399 1489 512 1546 Aeneas
526 1489 566 1547 sic
582 1509 661 1547 orsus
676 1489 710 1548 ab
725 1491 803 1549 alto:

123 1567 307 1639 ‘infandum
321 1568 429 1644 regina,
444 1569 525 1628 iubes
538 1589 675 1629 renovare
690 1570 828 1643 dolorem,
865 1635 869 1644 ,

144 1649 286 1708 Troianas
301 1665 333 1708 ut
347 1669 414 1726 opes
429 1667 458 1708 et
472 1650 656 1710 lamentabile
671 1670 793 1727 regnum

144 1730 273 1789 eruerint
287 1730 391 1802 Danai,
406 1750 534 1809 quaeque
550 1732 609 1810 ipse
624 1732 785 1792 miserrima
798 1732 868 1804 vidi,

144 1827 172 1870 et
186 1831 311 1891 quorum
326 1831 389 1889 pars
403 1831 507 1888 magna
521 1812 573 1872 fui.
616 1812 680 1892 quis
694 1813 761 1872 talia
775 1813 862 1870 fando

145 1892 368 1970 Myrmidonum
383 1890 569 1970 Dolopumve
584 1907 634 1952 aut
648 1893 713 1954 duri
727 1893 810 1952 miles
825 1893 911 1952 Ulixi

144 1987 286 2050 temperet
301 1994 317 2032 a
331 1973 479 2032 lacrimis?
501 1988 530 2033 et
544 1973 601 2032 iam
617 1995 674 2032 nor
690 1974 788 2033 umida
801 1974 882 2033 caelo

143 2052 322 2131 praecipitat,
337 2053 514 2132 suadentque
529 2055 660 2114 cadentia
675 2055 765 2114 sidera
779 2075 902 2116 somnos.

143 2134 191 2192 sed
206 2133 228 2192 si
243 2150 340 2193 tantus
355 2154 433 2194 amor
448 2155 528 2194 casus
544 2156 717 2212 cognoscere
732 2153 854 2209 nostros,
990 2165 1015 2193 ιο

143 2230 172 2273 et
186 2214 311 2273 breviter
326 2214 432 2274 Troiae
448 2235 616 2294 supremum
631 2217 728 2276 audire
743 2217 879 2288 laborem,

143 2315 317 2374 quamquam
329 2295 440 2355 animus
454 2297 620 2356 meminisse
634 2299 731 2356 horret
745 2297 884 2376 luctuque
898 2297 1013 2374 refugit,

142 2374 291 2454 incipiam.

328 2457 410 2517 fracti
426 2458 502 2517 bello
519 2458 639 2538 fatisque
654 2458 760 2536 repulsi

142 2539 277 2599 ductores
291 2538 436 2612 Danaum,
451 2555 495 2598 tot
513 2540 570 2600 iam
585 2540 747 2599 labentibus
761 2539 852 2610 annis,

142 2619 230 2680 instar
244 2621 350 2680 montis
365 2642 472 2700 equum
490 2621 588 2680 divina
603 2621 724 2680 Palladis
739 2637 797 2679 arte

142 2701 305 2773 aedificant,
319 2716 452 2782 sectaque
470 2701 607 2762 intexunt
622 2702 714 2761 abiete
729 2716 819 2760 costas
834 2721 841 2759 x

141 2798 243 2842 votum
258 2803 312 2860 pto
325 2783 418 2842 reditu
435 2783 572 2843 simulant
588 2809 597 2854 ς
619 2803 651 2842 ea
665 2783 740 2843 fama
754 2796 878 2858 vagatur.

142 2863 199 2922 huc
214 2864 328 2925 delecta
342 2865 435 2924 virum
451 2863 542 2924 sortiti
560 2885 678 2942 corpora
692 2863 791 2922 furtim

142 2941 298 3002 includunt
312 2964 399 3004 caeco
413 2946 504 3017 lateri,
522 2944 695 3024 penitusque
710 2962 842 3003 cavernas

143 3022 274 3100 ingentes
288 3042 460 3106 uterumque
477 3044 584 3086 armato
601 3025 693 3084 milite
708 3024 866 3102 complent.
990 3056 1015 3082 ω

182 3105 270 3164 estin
285 3124 442 3185 conspectu
459 3108 607 3178 Tenedos,
625 3105 771 3166 notissima
785 3105 859 3163 fama

141 3184 245 3258 insula,
259 3185 340 3246 dives
353 3209 452 3266 opum,
468 3188 572 3248 Priami
589 3189 660 3247 dum
676 3207 763 3264 regna
776 3186 942 3258 manebant,

140 3285 220 3326 nunc
236 3283 351 3327 tantum
366 3269 442 3328 sinus
457 3287 486 3329 et
500 3270 584 3329 statio
600 3269 674 3328 male
690 3267 746 3327 fida
760 3267 862 3338 carinis
877 3289 884 3326 ι

140 3347 199 3406 huc
214 3369 243 3407 se
259 3351 388 3426 provecti
403 3351 514 3410 deserto
529 3351 560 3408 in
575 3351 659 3408 litore
675 3350 815 3410 condunt.

139 3447 194 3486 nos
207 3429 308 3490 abiisse
322 3431 375 3490 rati
390 3448 419 3491 et
432 3449 521 3492 vento
536 3430 649 3510 petiisse
666 3433 818 3509 Mycenas.
