2562 4114
268 360 314 410 3¹4
538 345 565 392 P.
582 341 724 391 VERGILI
742 340 898 390 MARONIS

306 474 355 554 qui
371 475 427 534 fuit
440 474 633 544 Ausonidum,
647 489 676 532 et
690 473 782 532 tacitis
797 471 924 549 regnavit
937 473 1079 551 Amyclis.

305 557 439 632 Aegaeon
454 555 554 633 qualis,
570 569 687 614 centum
703 554 750 614 cui
764 554 896 613 bracchia
908 554 1011 614 dicunt

305 651 498 715 centenasque
513 656 624 707 manus,
638 635 845 714 quinquaginta
858 635 953 693 oribus
967 635 1066 712 ignem

305 717 527 796 pectoribusque
541 717 648 787 arsisse,
664 716 740 775 Iovis
755 735 822 774 cum
837 716 961 774 fulmina
975 732 1078 776 contra

306 814 348 857 tot
361 797 475 876 paribus
489 812 627 875 streperet
641 797 752 874 clipeis,
767 812 810 856 tot
823 796 973 890 stringeret
987 817 1089 856 enses:
1212 818 1221 867 ι

306 879 345 938 sic
361 895 421 938 toto
435 879 546 938 Aeneas
561 877 708 937 desaevit
699 897 730 936 ιιι
745 896 865 970 aequore
880 877 981 949 victor,

307 976 339 1018 ut
352 959 463 1018 semel
455 958 580 1038 intepuit
594 979 704 1018 mucro.
746 959 816 1036 quin
832 977 900 1016 ecce
915 957 1040 1036 Niphaei
1133 987 1165 1025 ⁵⁷0

307 1039 507 1120 quadriiuges
499 1060 530 1098 ιιι
545 1060 632 1119 equos
646 1039 817 1117 adversaque
831 1054 945 1116 pectora
958 1039 1062 1097 tendit.
1225 1055 1228 1136 q

306 1137 391 1200 atque
406 1121 459 1192 illi,
475 1121 559 1196 longe
574 1120 750 1196 gradientem
764 1134 794 1178 et
808 1119 869 1177 dira
882 1119 1054 1178 frementem
1226 1137 1229 1210 q

307 1218 339 1262 ut
353 1202 462 1272 videre,
476 1217 555 1260 metu
571 1201 642 1259 versi
657 1216 790 1279 retroque
804 1216 917 1259 ruentes
1227 1213 1230 1284 ιι

306 1283 518 1361 effunduntque
532 1283 647 1353 ducem,
662 1281 833 1360 rapiuntque
848 1281 883 1340 ad
897 1281 979 1339 litora
993 1299 1101 1340 currus.
1228 1304 1231 1358 q

306 1363 415 1423 interea
430 1363 532 1438 biiugis
547 1363 635 1422 infert
650 1383 679 1421 se
694 1363 825 1437 Lucagus
839 1362 910 1420 albis
1231 1380 1232 1434 ι

306 1445 336 1503 in
351 1443 470 1514 medios,
485 1443 629 1522 fraterque
644 1443 729 1519 Liger
741 1467 752 1513 ς
771 1443 822 1501 sed
834 1444 920 1502 frater
933 1441 1050 1502 habenis
1232 1462 1233 1504 l

305 1523 397 1584 flectit
411 1544 509 1603 equos,
524 1524 655 1582 strictum
669 1539 743 1582 rotat
757 1544 821 1582 acer
836 1524 966 1598 Lucagus
981 1543 1088 1582 ensem.
1233 1542 1234 1588 ι

305 1603 382 1664 haud
396 1604 463 1663 tulit
477 1607 588 1662 Aeneas
604 1618 685 1663 tanto
700 1605 812 1664 fervore
826 1605 974 1664 furentes:
1085 1615 1090 1624 “
1234 1622 1235 1630 ’

305 1684 404 1756 inruit,
419 1686 591 1764 adversaque
606 1684 707 1760 ingens
721 1685 852 1764 apparuit
865 1687 951 1744 hasta.

306 1765 353 1825 cui
368 1765 475 1842 Liger:
1133 1783 1167 1832 sso

287 1854 365 1906 ‘non
379 1847 529 1906 Diomedis
545 1868 642 1926 equos,
657 1867 711 1907 nec
727 1867 841 1906 currum
857 1846 951 1906 cernis
963 1846 1083 1918 Achilli,

305 1943 354 1987 aut
369 1929 508 2005 Phrygiae
523 1949 656 2007 campos;
677 1949 756 1987 nunc
772 1928 840 1987 belli
857 1927 921 1986 finis
934 1943 964 1986 et
977 1927 1038 1986 aevi

304 2009 349 2067 his
362 2009 477 2068 dabitur
491 2009 591 2069 terris?
633 2029 737 2069 vesano
751 2009 819 2068 talia
832 2010 888 2068 late

306 2089 383 2147 dicta
397 2090 494 2148 volant
509 2090 604 2167 Ligeri
618 2113 627 2158 ;
649 2091 698 2149 sed
712 2110 771 2148 non
786 2105 815 2148 et
829 2090 935 2148 Troius
949 2091 1031 2148 heros

306 2169 384 2228 dicta
397 2185 475 2248 parat
490 2187 590 2230 contra
598 2195 608 2239 3
629 2171 757 2230 iaculum
771 2189 838 2229 nam
853 2185 966 2249 torquet
980 2171 1012 2228 in
1026 2172 1146 2229 hostem.

305 2250 437 2328 Lucagus
453 2266 485 2310 ut
498 2271 604 2330 pronus
619 2251 747 2329 pendens
761 2252 791 2309 in
807 2251 922 2310 verbera
936 2252 994 2309 telo

305 2331 455 2391 admonuit
469 2331 589 2408 biiugos,
604 2332 733 2408 proiecto
746 2332 816 2391 dum
830 2332 903 2410 pede
918 2333 999 2390 laevo

306 2427 383 2488 aptat
397 2433 425 2470 se
439 2432 562 2490 pugnae,
577 2413 652 2470 subit
666 2433 726 2471 oras
740 2414 819 2472 hasta
832 2431 883 2490 per
896 2411 965 2471 imas

305 2493 442 2569 fulgentis
456 2493 552 2570 clipei,
568 2509 630 2552 tum
646 2494 758 2552 laevum
773 2494 896 2571 perforat
910 2493 1037 2571 inguens

306 2593 439 2633 excussus
454 2593 538 2631 curru
554 2573 741 2632 moribundus
754 2574 878 2634 volvitur
892 2574 972 2633 arvis.
1135 2603 1171 2642 ⁵90

305 2674 392 2733 quem
406 2654 469 2731 pius
483 2654 595 2713 Aeneas
610 2654 696 2714 dictis
709 2655 819 2714 adfatur
833 2655 954 2714 amaris:

286 2735 429 2810 ‘Lucage,
445 2734 526 2792 nulla
539 2750 603 2794 tuos
617 2755 716 2794 currus
730 2735 797 2812 fuga
810 2737 902 2812 segnis
917 2755 1055 2820 equorum

305 2815 439 2908 prodidit,
454 2831 503 2874 aut
517 2836 606 2875 vanae
620 2831 730 2874 vertere
743 2837 780 2874 ex
794 2817 921 2876 hostibus
934 2813 1070 2883 umbrae;

305 2895 364 2972 ipse
379 2896 447 2955 rotis
462 2895 778 2972 saliens·1ugadeseris.’
821 2897 914 2957 haec
906 2913 946 2956 ita
960 2897 1035 2956 fatus

305 2975 424 3053 arripuit
439 2977 571 3054 biiugos,
562 3001 570 3014 ·
592 2978 679 3036 frater
692 2978 850 3038 tendebat'
842 2993 948 3037 inertes

305 3055 407 3115 infelix
423 3058 541 3135 palmas,
556 3078 641 3118 curru
655 3058 785 3136 delapsus
799 3060 917 3118 eodem·

285 3141 357 3213 ‘per
372 3153 410 3207 te,
425 3158 476 3215 per
489 3140 539 3218 qui
555 3155 583 3199 te
598 3141 685 3199 talem
699 3159 824 3216 genuere
838 3154 980 3220 parentes,

305 3217 348 3274 vir
363 3216 532 3290 Troiane,'
512 3240 573 3279 sme
587 3222 661 3279 hanc
677 3221 811 3292 animam,
822 3237 851 3280 et
865 3222 996 3280 miserere
1011 3218 1173 3298 precantis!

306 3298 434 3374 pluribus
450 3300 541 3358 oranti
555 3302 683 3360 Aeneas.
706 3301 800 3360 ‘haud
814 3302 881 3360 talia
896 3302 1005 3361 dudum

252 3460 254 3464 Ι
305 3377 381 3437 dicta
396 3378 490 3439 dabas.
532 3400 651 3452 morere,
667 3397 696 3440 et
710 3383 826 3442 fratrem
841 3403 877 3441 ne
892 3382 987 3441 desere
1003 3383 1108 3442 frater!
1135 3400 1175 3442 σω
