2558 4112
246 347 291 396 160
518 343 546 392 P.
562 343 706 392 VERGILI
723 343 881 392 MARONIS

285 490 363 546 ante,
380 473 485 546 Pudor,
501 493 588 552 quam
604 489 633 531 te
646 472 735 544 violo,
751 487 800 531 aut
815 489 863 532 tua
878 472 939 532 iura
954 475 1076 535 resolvo.

285 555 337 614 ille
352 575 443 626 meos,
456 555 565 632 primus
581 554 630 633 qui
645 575 692 612 me
707 553 761 612 sibi
775 553 881 626 iunxit,
896 574 1006 613 amores

285 636 423 703 abstulit3
444 635 497 694 ille
511 636 618 695 habeat
632 655 730 693 secum
745 650 897 713 servetque
915 634 1087 713 sepulchro!

286 718 326 777 sic
342 717 427 774 effata
441 716 537 774 sinum
553 715 678 774 lacrimis
692 715 818 793 inplevit
832 715 950 774 obortis.
1130 747 1158 787 30

326 798 413 855 Anna
427 798 535 856 refert:
558 801 593 854 ‘o
608 797 674 854 luce
689 795 777 872 magis
792 796 900 855 dilecta
915 797 1013 869 sorori,

286 878 385 938 solane
398 893 540 955 perpetua
554 897 686 936 maerens
701 897 819 954 carpere
833 876 963 954 iuventa,

286 980 341 1018 nec
357 959 457 1017 dulces
473 973 565 1029 natos,
579 957 704 1016 Veneris
719 977 775 1016 nec
790 957 918 1034 praemia
932 959 1033 1016 noris?

286 1039 317 1099 id
331 1040 462 1099 cinerem
478 1054 528 1097 aut
544 1038 650 1096 Manes
666 1037 759 1096 credis
774 1058 874 1097 curare
888 1039 1039 1116 sepultos?

287 1137 358 1192 esto,
373 1139 486 1196 aegram
500 1118 576 1177 nulli
591 1119 739 1196 quondam
754 1116 862 1178 flexere
875 1119 980 1192 mariti,

287 1222 347 1259 non
362 1201 482 1277 Libyae,
498 1220 558 1258 non
574 1216 642 1258 ante
658 1200 759 1276 Tyro;
780 1199 934 1277 despectus
948 1201 1054 1273 larbas,

286 1283 478 1358 ductoresque
493 1279 553 1352 alii,
568 1301 639 1358 quos
652 1279 752 1338 Africa
768 1294 843 1338 terra
858 1279 1012 1358 triumphis

287 1362 367 1421 dives
382 1361 452 1420 alit:
474 1360 623 1438 placitone
639 1360 727 1419 etiam
741 1361 883 1438 pugnabis
897 1361 1009 1420 amori?

287 1463 343 1501 nec
357 1441 439 1500 venit
453 1441 484 1499 in
500 1457 641 1514 mentem,
656 1461 780 1518 quorum
795 1441 959 1502 consederis
973 1441 1066 1502 arvial

287 1524 357 1581 hinc
373 1522 519 1580 Gaetulae
534 1523 627 1593 urbes,
641 1542 732 1597 genus
746 1522 941 1601 insuperabile
955 1523 1045 1595 bello,
1128 1551 1157 1592 40

288 1619 317 1662 et
332 1602 481 1663 Numidae
495 1601 603 1662 infreni
619 1602 751 1678 cingunt,
767 1619 797 1662 et
810 1603 957 1682 inhospita
972 1603 1059 1682 Syrtis
1068 1628 1078 1675 3

287 1684 357 1743 hinc
373 1684 484 1742 deserta
500 1683 546 1742 siti
561 1682 649 1758 regio,
665 1684 782 1762 lateque
797 1684 926 1744 furentes

287 1764 418 1824 Barcaei.
460 1765 531 1843 quid
545 1764 623 1823 bella
639 1765 721 1842 Tyro
735 1765 881 1842 surgentia
895 1765 991 1826 dicam

287 1845 476 1924 germanique
490 1845 605 1904 minas?

287 1926 331 1984 dis
347 1926 483 2005 equidem
498 1925 660 2003 auspicibus
675 1946 740 1986 reor
755 1941 784 1985 et
798 1927 914 1986 Iunone
929 1927 1055 1990 secunda

287 2009 367 2066 hunc
382 2027 496 2066 cursum
511 2006 615 2066 Iliacas
629 2022 718 2066 vento
734 2006 860 2066 tenuisse
874 2007 994 2069 carinas.

288 2108 375 2166 quam
387 2103 417 2146 tu
428 2088 541 2159 urbem,
550 2108 636 2160 soror,
645 2089 722 2148 hanc
734 2109 845 2160 cernes,
857 2109 930 2167 quae
943 2108 1056 2166 surgere
1067 2109 1156 2166 regna

288 2167 424 2244 coniugio
439 2167 510 2227 tali!
535 2169 687 2228 Teucrum
701 2169 908 2229 comitantibus
923 2169 1016 2242 armis,

288 2248 399 2308 Punica
413 2269 443 2308 se
458 2249 572 2327 quantis
588 2251 705 2309 attollet
718 2250 808 2326 gloria
822 2251 922 2310 rebus!

289 2346 321 2389 ιιι
335 2330 422 2389 modo
436 2351 524 2407 posce
538 2330 607 2390 deos
622 2330 749 2402 veniam,
764 2331 907 2409 sacrisque
921 2330 1012 2390 litatis
1131 2359 1158 2397 ςο

288 2409 408 2488 indulge
421 2410 558 2488 hospitio,
573 2431 729 2489 causasque
743 2410 863 2471 innecte
877 2410 1021 2483 morandi,

288 2491 358 2550 dum
372 2491 475 2569 pelago
489 2491 617 2550 desaevit
630 2493 745 2569 hiemps
761 2506 791 2550 et
805 2512 926 2571 aquosus
942 2492 1045 2564 Orion,

288 2587 495 2664 quassataeque
507 2587 591 2644 rates,
606 2573 677 2631 dum
692 2593 754 2631 non
769 2572 921 2632 tractabile
936 2572 1067 2632 caelum!

328 2653 373 2710 his
387 2651 495 2711 dictis'
484 2672 640 2712 incensum
655 2653 786 2713 animum
801 2653 993 2713 inflammavit
1007 2673 1114 2726 amore,

288 2753 427 2826 spemque
441 2733 524 2791 dedit
538 2733 643 2793 dubiae
658 2734 761 2806 menti,
776 2735 919 2814 solvitque
932 2734 1084 2813 pudorem.

287 2813 433 2891 principio
447 2814 569 2873 delubra
583 2816 703 2888 adeunt,
718 2836 879 2894 pacemque
893 2837 945 2894 per
958 2836 1017 2874 aras

289 2894 463 2972 exquirunt:
485 2911 616 2955 mactant
629 2897 719 2956 lectas
733 2897 770 2956 de
786 2917 866 2956 more
881 2897 1016 2956 bidentes

289 2974 425 3049 legiferae
441 2975 543 3036 Cereri
559 2976 737 3070 Phoeboque
750 2978 885 3056 patrique
900 2979 1007 3055 Lyaeo,

289 3055 397 3113 Iunoni
412 3073 481 3116 ante
495 3077 607 3131 omnes,
622 3078 669 3116 cur
661 3057 781 3118 vincla
795 3058 903 3134 iugalia
917 3078 1012 3118 curae.

289 3134 359 3212 ipsa,
374 3151 478 3196 tenens
493 3137 594 3196 dextra
608 3155 747 3216 pateram,
762 3139 959 3217 pulcherrima
973 3138 1053 3198 Dido
1132 3155 1160 3196 ιο

289 3215 441 3276 candentis
456 3239 562 3278 vaccae
576 3219 694 3278 media
686 3234 764 3278 mter
777 3239 887 3278 cornua
901 3219 1018 3291 fundit3

289 3312 339 3357 aut
354 3311 422 3359 ante
436 3318 485 3357 ora
499 3299 630 3358 deum
601 3319 722 3378 prugues
737 3299 875 3377 spatiatur
890 3302 926 3360 ad
940 3321 1009 3371 aras,

430 3403 460 3455 54
477 3391 590 3454 impenso.
625 3393 765 3442 flammavit.
800 3393 829 3456 58
848 3394 977 3456 frugiferae.
