<?xml version="1.0" encoding="UTF-8"?>
<!DOCTYPE html PUBLIC "-//W3C//DTD XHTML 1.0 Transitional//EN"
    "http://www.w3.org/TR/xhtml1/DTD/xhtml1-transitional.dtd">
<html xmlns="http://www.w3.org/1999/xhtml" xml:lang="en" lang="en">
 <head>
  <title>
</title>
<meta http-equiv="Content-Type" content="text/html;charset=utf-8" />
  <meta name='ocr-system' content='tesseract 3.04.00' />
  <meta name='ocr-capabilities' content='ocr_page ocr_carea ocr_par ocr_line ocrx_word'/>
</head>
<body>
  <div class='ocr_page' id='page_1' title='image "./bucolicageorgic05virggoog/bucolicageorgic05virggoog_0154.png"; bbox 0 0 2558 4112; ppageno 0'>
   <div class='ocr_carea' id='block_1_1' title="bbox 444 339 1037 406">
    <p class='ocr_par' dir='ltr' id='par_1_1' title="bbox 444 339 1037 406">
     <span class='ocr_line' id='line_1_1' title="bbox 444 339 1037 406; baseline 0.008 -19"><span class='ocrx_word' id='word_1_1' title='bbox 444 339 611 389; x_wconf 86' lang='lat' dir='ltr'>AENEIDOS</span> <span class='ocrx_word' id='word_1_2' title='bbox 628 341 692 390; x_wconf 87' lang='lat' dir='ltr'><strong>LIB.</strong></span> <span class='ocrx_word' id='word_1_3' title='bbox 707 341 733 389; x_wconf 91' lang='lat'>11</span> <span class='ocrx_word' id='word_1_4' title='bbox 993 359 1037 406; x_wconf 89' lang='lat'>127</span> 
     </span>
    </p>
   </div>
   <div class='ocr_carea' id='block_1_2' title="bbox 156 465 1075 3455">
    <p class='ocr_par' dir='ltr' id='par_1_2' title="bbox 160 465 1075 3216">
     <span class='ocr_line' id='line_1_2' title="bbox 166 465 924 552; baseline 0.005 -23"><span class='ocrx_word' id='word_1_5' title='bbox 166 489 301 549; x_wconf 89' lang='lat' dir='ltr'>spumeus</span> <span class='ocrx_word' id='word_1_6' title='bbox 317 484 400 548; x_wconf 90' lang='lat' dir='ltr'>atque</span> <span class='ocrx_word' id='word_1_7' title='bbox 415 465 474 528; x_wconf 85' lang='lat' dir='ltr'>imo</span> <span class='ocrx_word' id='word_1_8' title='bbox 488 470 601 529; x_wconf 90' lang='lat' dir='ltr'>Nereus</span> <span class='ocrx_word' id='word_1_9' title='bbox 617 471 674 530; x_wconf 89' lang='lat' dir='ltr'>ciet</span> <span class='ocrx_word' id='word_1_10' title='bbox 689 492 809 552; x_wconf 91' lang='lat' dir='ltr'>aequora</span> <span class='ocrx_word' id='word_1_11' title='bbox 825 473 924 534; x_wconf 89' lang='lat' dir='ltr'>fundo.</span> 
     </span>
     <span class='ocr_line' id='line_1_3' title="bbox 166 550 1039 629; baseline 0.006 -20"><span class='ocrx_word' id='word_1_12' title='bbox 166 550 210 609; x_wconf 91' lang='lat' dir='ltr'>illi</span> <span class='ocrx_word' id='word_1_13' title='bbox 226 551 322 621; x_wconf 86' lang='lat' dir='ltr'>etiam,</span> <span class='ocrx_word' id='word_1_14' title='bbox 339 551 360 609; x_wconf 93' lang='lat' dir='ltr'>si</span> <span class='ocrx_word' id='word_1_15' title='bbox 376 572 446 629; x_wconf 88' lang='lat' dir='ltr'>quos</span> <span class='ocrx_word' id='word_1_16' title='bbox 461 551 579 610; x_wconf 90' lang='lat' dir='ltr'>obscura</span> <span class='ocrx_word' id='word_1_17' title='bbox 594 568 679 610; x_wconf 90' lang='lat' dir='ltr'>nocte</span> <span class='ocrx_word' id='word_1_18' title='bbox 694 573 744 629; x_wconf 90' lang='lat' dir='ltr'>per</span> <span class='ocrx_word' id='word_1_19' title='bbox 759 553 888 613; x_wconf 86' lang='lat' dir='ltr'>umbram</span> <span class='ocrx_word' id='word_1_20' title='bbox 999 587 1039 625; x_wconf 81' lang='lat'>420</span> 
     </span>
     <span class='ocr_line' id='line_1_4' title="bbox 166 631 833 710; baseline 0.001 -20"><span class='ocrx_word' id='word_1_21' title='bbox 166 631 292 690; x_wconf 86' lang='lat' dir='ltr'>fudimus</span> <span class='ocrx_word' id='word_1_22' title='bbox 307 631 425 702; x_wconf 85' lang='lat' dir='ltr'>insidiis,</span> <span class='ocrx_word' id='word_1_23' title='bbox 443 648 556 710; x_wconf 84' lang='lat' dir='ltr'>totaque</span> <span class='ocrx_word' id='word_1_24' title='bbox 571 633 737 709; x_wconf 78' lang='lat' dir='ltr'>agitavimus</span> <span class='ocrx_word' id='word_1_25' title='bbox 753 633 833 706; x_wconf 89' lang='lat' dir='ltr'>urbe,</span> 
     </span>
     <span class='ocr_line' id='line_1_5' title="bbox 165 711 818 792; baseline 0.002 -21"><span class='ocrx_word' id='word_1_26' title='bbox 165 728 327 791; x_wconf 81' lang='lat' dir='ltr'>apparent3</span> <span class='ocrx_word' id='word_1_27' title='bbox 347 712 432 790; x_wconf 90' lang='lat' dir='ltr'>primi</span> <span class='ocrx_word' id='word_1_28' title='bbox 447 711 554 790; x_wconf 77' lang='lat' dir='ltr'>clipeos</span> <span class='ocrx_word' id='word_1_29' title='bbox 568 712 746 792; x_wconf 87' lang='lat' dir='ltr'>mentitaque</span> <span class='ocrx_word' id='word_1_30' title='bbox 762 715 818 772; x_wconf 88' lang='lat' dir='ltr'>tela</span> 
     </span>
     <span class='ocr_line' id='line_1_6' title="bbox 165 793 889 872; baseline 0.004 -20"><span class='ocrx_word' id='word_1_31' title='bbox 165 793 355 870; x_wconf 79' lang='lat' dir='ltr'><strong>adgnoscunt,</strong></span> <span class='ocrx_word' id='word_1_32' title='bbox 369 809 453 872; x_wconf 83' lang='lat' dir='ltr'>atque</span> <span class='ocrx_word' id='word_1_33' title='bbox 468 813 516 852; x_wconf 91' lang='lat' dir='ltr'>ora</span> <span class='ocrx_word' id='word_1_34' title='bbox 530 814 600 852; x_wconf 86' lang='lat' dir='ltr'>sono</span> <span class='ocrx_word' id='word_1_35' title='bbox 614 794 754 852; x_wconf 81' lang='lat' dir='ltr'>discordia</span> <span class='ocrx_word' id='word_1_36' title='bbox 768 795 889 871; x_wconf 86' lang='lat' dir='ltr'>signant.</span> 
     </span>
     <span class='ocr_line' id='line_1_7' title="bbox 165 873 914 953; baseline 0.005 -21"><span class='ocrx_word' id='word_1_37' title='bbox 165 873 246 933; x_wconf 86' lang='lat' dir='ltr'>ilicet</span> <span class='ocrx_word' id='word_1_38' title='bbox 260 873 410 932; x_wconf 86' lang='lat' dir='ltr'><strong>obruimur</strong></span> <span class='ocrx_word' id='word_1_39' title='bbox 425 893 565 933; x_wconf 89' lang='lat' dir='ltr'>numero:</span> <span class='ocrx_word' id='word_1_40' title='bbox 586 873 751 953; x_wconf 89' lang='lat' dir='ltr'>primusque</span> <span class='ocrx_word' id='word_1_41' title='bbox 766 876 914 939; x_wconf 85' lang='lat' dir='ltr'>Coroebus</span> 
     </span>
     <span class='ocr_line' id='line_1_8' title="bbox 166 953 843 1033; baseline 0.004 -20"><span class='ocrx_word' id='word_1_42' title='bbox 166 954 285 1013; x_wconf 76' lang='lat' dir='ltr'>Penelei¹</span> <span class='ocrx_word' id='word_1_43' title='bbox 299 954 398 1012; x_wconf 85' lang='lat' dir='ltr'>dextra</span> <span class='ocrx_word' id='word_1_44' title='bbox 411 953 493 1013; x_wconf 86' lang='lat' dir='ltr'>divae</span> <span class='ocrx_word' id='word_1_45' title='bbox 507 954 704 1033; x_wconf 88' lang='lat' dir='ltr'>armipotentis</span> <span class='ocrx_word' id='word_1_46' title='bbox 719 957 843 1016; x_wconf 78' lang='lat' dir='ltr'>adaram</span> 
     </span>
     <span class='ocr_line' id='line_1_9' title="bbox 163 1034 913 1114; baseline 0.003 -20"><span class='ocrx_word' id='word_1_47' title='bbox 163 1034 352 1114; x_wconf 82' lang='lat' dir='ltr'>procumbit3</span> <span class='ocrx_word' id='word_1_48' title='bbox 373 1034 448 1093; x_wconf 91' lang='lat' dir='ltr'>cadit</span> <span class='ocrx_word' id='word_1_49' title='bbox 463 1051 491 1092; x_wconf 95' lang='lat' dir='ltr'>et</span> <span class='ocrx_word' id='word_1_50' title='bbox 506 1035 644 1113; x_wconf 88' lang='lat' dir='ltr'>Rhipeus,</span> <span class='ocrx_word' id='word_1_51' title='bbox 659 1035 825 1096; x_wconf 88' lang='lat' dir='ltr'>iustissimus</span> <span class='ocrx_word' id='word_1_52' title='bbox 839 1058 913 1096; x_wconf 86' lang='lat' dir='ltr'>unus</span> 
     </span>
     <span class='ocr_line' id='line_1_10' title="bbox 164 1115 894 1196; baseline 0.003 -22"><span class='ocrx_word' id='word_1_53' title='bbox 164 1115 214 1195; x_wconf 90' lang='lat' dir='ltr'>qui</span> <span class='ocrx_word' id='word_1_54' title='bbox 230 1115 286 1173; x_wconf 87' lang='lat' dir='ltr'>fuit</span> <span class='ocrx_word' id='word_1_55' title='bbox 300 1115 331 1174; x_wconf 92' lang='lat' dir='ltr'>in</span> <span class='ocrx_word' id='word_1_56' title='bbox 347 1115 471 1174; x_wconf 90' lang='lat' dir='ltr'>Teucris</span> <span class='ocrx_word' id='word_1_57' title='bbox 486 1131 515 1175; x_wconf 91' lang='lat' dir='ltr'>et</span> <span class='ocrx_word' id='word_1_58' title='bbox 530 1117 754 1176; x_wconf 86' lang='lat' dir='ltr'>servantissimus</span> <span class='ocrx_word' id='word_1_59' title='bbox 769 1118 894 1196; x_wconf 88' lang='lat' dir='ltr'>aequi-</span> 
     </span>
     <span class='ocr_line' id='line_1_11' title="bbox 164 1195 966 1278; baseline 0.005 -24"><span class='ocrx_word' id='word_1_60' title='bbox 164 1197 206 1255; x_wconf 91' lang='lat' dir='ltr'>dis</span> <span class='ocrx_word' id='word_1_61' title='bbox 221 1196 304 1254; x_wconf 81' lang='lat' dir='ltr'>aliter</span> <span class='ocrx_word' id='word_1_62' title='bbox 317 1195 575 1274; x_wconf 75' lang='lat' dir='ltr'>visum—pereunt</span> <span class='ocrx_word' id='word_1_63' title='bbox 589 1197 778 1278; x_wconf 82' lang='lat' dir='ltr'>Hypanisque</span> <span class='ocrx_word' id='word_1_64' title='bbox 793 1199 966 1278; x_wconf 84' lang='lat' dir='ltr'>Dymasque,</span> 
     </span>
     <span class='ocr_line' id='line_1_12' title="bbox 165 1276 1075 1355; baseline 0.004 -20"><span class='ocrx_word' id='word_1_65' title='bbox 165 1276 272 1336; x_wconf 82' lang='lat' dir='ltr'>confixi</span> <span class='ocrx_word' id='word_1_66' title='bbox 288 1298 304 1335; x_wconf 84' lang='lat' dir='ltr'>a</span> <span class='ocrx_word' id='word_1_67' title='bbox 319 1277 401 1335; x_wconf 89' lang='lat' dir='ltr'>sociis</span> <span class='ocrx_word' id='word_1_68' title='bbox 414 1302 424 1348; x_wconf 84' lang='lat'>3</span> <span class='ocrx_word' id='word_1_69' title='bbox 445 1297 499 1336; x_wconf 89' lang='lat' dir='ltr'>nec</span> <span class='ocrx_word' id='word_1_70' title='bbox 515 1294 543 1335; x_wconf 94' lang='lat' dir='ltr'>te</span> <span class='ocrx_word' id='word_1_71' title='bbox 558 1293 606 1336; x_wconf 90' lang='lat' dir='ltr'>tua</span> <span class='ocrx_word' id='word_1_72' title='bbox 620 1279 753 1355; x_wconf 89' lang='lat' dir='ltr'>plurima,</span> <span class='ocrx_word' id='word_1_73' title='bbox 769 1277 891 1350; x_wconf 86' lang='lat' dir='ltr'>Panthu,</span> <span class='ocrx_word' id='word_1_74' title='bbox 1072 1337 1075 1346; x_wconf 78' lang='grc'>,</span> 
     </span>
     <span class='ocr_line' id='line_1_13' title="bbox 164 1356 1036 1435; baseline 0.005 -19"><span class='ocrx_word' id='word_1_75' title='bbox 164 1356 311 1417; x_wconf 88' lang='lat' dir='ltr'>labentem</span> <span class='ocrx_word' id='word_1_76' title='bbox 326 1358 424 1435; x_wconf 84' lang='lat' dir='ltr'>pietas,</span> <span class='ocrx_word' id='word_1_77' title='bbox 440 1377 494 1417; x_wconf 91' lang='lat' dir='ltr'>nec</span> <span class='ocrx_word' id='word_1_78' title='bbox 509 1359 653 1435; x_wconf 90' lang='lat' dir='ltr'>Apollinis</span> <span class='ocrx_word' id='word_1_79' title='bbox 668 1359 760 1418; x_wconf 85' lang='lat' dir='ltr'>infula</span> <span class='ocrx_word' id='word_1_80' title='bbox 775 1360 855 1419; x_wconf 83' lang='lat' dir='ltr'>texit.</span> <span class='ocrx_word' id='word_1_81' title='bbox 997 1392 1036 1430; x_wconf 79' lang='lat'>430</span> 
     </span>
     <span class='ocr_line' id='line_1_14' title="bbox 164 1437 852 1512; baseline 0.004 -16"><span class='ocrx_word' id='word_1_82' title='bbox 164 1439 248 1497; x_wconf 80' lang='lat' dir='ltr'>iliaci</span> <span class='ocrx_word' id='word_1_83' title='bbox 264 1439 383 1510; x_wconf 84' lang='lat' dir='ltr'>cineres,</span> <span class='ocrx_word' id='word_1_84' title='bbox 399 1454 428 1498; x_wconf 93' lang='lat' dir='ltr'>et</span> <span class='ocrx_word' id='word_1_85' title='bbox 442 1437 557 1497; x_wconf 88' lang='lat' dir='ltr'>flamma</span> <span class='ocrx_word' id='word_1_86' title='bbox 571 1455 698 1498; x_wconf 85' lang='lat' dir='ltr'>extrema</span> <span class='ocrx_word' id='word_1_87' title='bbox 712 1460 852 1512; x_wconf 90' lang='lat' dir='ltr'>meorum,</span> 
     </span>
     <span class='ocr_line' id='line_1_15' title="bbox 165 1519 830 1591; baseline 0.005 -14"><span class='ocrx_word' id='word_1_88' title='bbox 165 1534 262 1591; x_wconf 92' lang='lat' dir='ltr'>testor,</span> <span class='ocrx_word' id='word_1_89' title='bbox 276 1519 307 1577; x_wconf 91' lang='lat' dir='ltr'>in</span> <span class='ocrx_word' id='word_1_90' title='bbox 322 1540 425 1579; x_wconf 91' lang='lat' dir='ltr'>occasu</span> <span class='ocrx_word' id='word_1_91' title='bbox 441 1535 534 1578; x_wconf 89' lang='lat' dir='ltr'>vestro</span> <span class='ocrx_word' id='word_1_92' title='bbox 548 1540 603 1579; x_wconf 89' lang='lat' dir='ltr'>nec</span> <span class='ocrx_word' id='word_1_93' title='bbox 619 1521 676 1579; x_wconf 90' lang='lat' dir='ltr'>tela</span> <span class='ocrx_word' id='word_1_94' title='bbox 691 1541 744 1579; x_wconf 89' lang='lat' dir='ltr'>nec</span> <span class='ocrx_word' id='word_1_95' title='bbox 760 1522 830 1580; x_wconf 91' lang='lat' dir='ltr'>ullas</span> 
     </span>
     <span class='ocr_line' id='line_1_16' title="bbox 164 1599 870 1672; baseline 0.006 -14"><span class='ocrx_word' id='word_1_96' title='bbox 164 1600 295 1659; x_wconf 87' lang='lat' dir='ltr'>vitavisse</span> <span class='ocrx_word' id='word_1_97' title='bbox 309 1599 388 1664; x_wconf 88' lang='lat' dir='ltr'>vices</span> <span class='ocrx_word' id='word_1_98' title='bbox 402 1599 547 1672; x_wconf 90' lang='lat' dir='ltr'>Danaum,</span> <span class='ocrx_word' id='word_1_99' title='bbox 562 1617 599 1672; x_wconf 88' lang='lat' dir='ltr'>et,</span> <span class='ocrx_word' id='word_1_100' title='bbox 615 1601 636 1659; x_wconf 87' lang='lat' dir='ltr'>si</span> <span class='ocrx_word' id='word_1_101' title='bbox 652 1602 709 1660; x_wconf 85' lang='lat' dir='ltr'>fata</span> <span class='ocrx_word' id='word_1_102' title='bbox 723 1602 842 1662; x_wconf 88' lang='lat' dir='ltr'>fuissent</span> <span class='ocrx_word' id='word_1_103' title='bbox 865 1641 870 1652; x_wconf 83' lang='lat'><strong>·</strong></span> 
     </span>
     <span class='ocr_line' id='line_1_17' title="bbox 164 1681 914 1756; baseline 0 -15"><span class='ocrx_word' id='word_1_104' title='bbox 164 1697 196 1741; x_wconf 87' lang='lat' dir='ltr'>ut</span> <span class='ocrx_word' id='word_1_105' title='bbox 211 1681 354 1753; x_wconf 83' lang='lat' dir='ltr'>caderem,</span> <span class='ocrx_word' id='word_1_106' title='bbox 369 1681 505 1740; x_wconf 87' lang='lat' dir='ltr'>meruisse</span> <span class='ocrx_word' id='word_1_107' title='bbox 519 1702 617 1741; x_wconf 88' lang='lat' dir='ltr'>manu.</span> <span class='ocrx_word' id='word_1_108' title='bbox 659 1681 823 1741; x_wconf 90' lang='lat' dir='ltr'>divellimur</span> <span class='ocrx_word' id='word_1_109' title='bbox 837 1683 914 1756; x_wconf 91' lang='lat' dir='ltr'>inde,</span> 
     </span>
     <span class='ocr_line' id='line_1_18' title="bbox 164 1761 918 1842; baseline 0.001 -22"><span class='ocrx_word' id='word_1_110' title='bbox 164 1762 277 1840; x_wconf 80' lang='lat' dir='ltr'>iphitus</span> <span class='ocrx_word' id='word_1_111' title='bbox 292 1779 322 1821; x_wconf 91' lang='lat' dir='ltr'>et</span> <span class='ocrx_word' id='word_1_112' title='bbox 338 1761 429 1821; x_wconf 84' lang='lat' dir='ltr'>Pelias</span> <span class='ocrx_word' id='word_1_113' title='bbox 443 1782 568 1835; x_wconf 90' lang='lat' dir='ltr'>mecum,</span> <span class='ocrx_word' id='word_1_114' title='bbox 584 1783 706 1842; x_wconf 90' lang='lat' dir='ltr'>quorum</span> <span class='ocrx_word' id='word_1_115' title='bbox 720 1763 833 1841; x_wconf 93' lang='lat' dir='ltr'>Iphitus</span> <span class='ocrx_word' id='word_1_116' title='bbox 849 1784 918 1822; x_wconf 89' lang='lat' dir='ltr'>aevo</span> 
     </span>
     <span class='ocr_line' id='line_1_19' title="bbox 164 1842 874 1920; baseline -0.003 -18"><span class='ocrx_word' id='word_1_117' title='bbox 164 1843 220 1902; x_wconf 87' lang='lat' dir='ltr'>iam</span> <span class='ocrx_word' id='word_1_118' title='bbox 235 1843 356 1920; x_wconf 82' lang='lat' dir='ltr'>gravior,</span> <span class='ocrx_word' id='word_1_119' title='bbox 372 1842 464 1902; x_wconf 88' lang='lat' dir='ltr'>Pelias</span> <span class='ocrx_word' id='word_1_120' title='bbox 478 1859 507 1902; x_wconf 90' lang='lat' dir='ltr'>et</span> <span class='ocrx_word' id='word_1_121' title='bbox 521 1844 641 1902; x_wconf 87' lang='lat' dir='ltr'>vulnere</span> <span class='ocrx_word' id='word_1_122' title='bbox 655 1843 751 1902; x_wconf 84' lang='lat' dir='ltr'>tardus</span> <span class='ocrx_word' id='word_1_123' title='bbox 767 1843 850 1901; x_wconf 89' lang='lat' dir='ltr'>Ulixi</span> <span class='ocrx_word' id='word_1_124' title='bbox 864 1869 874 1915; x_wconf 91' lang='lat'>;</span> 
     </span>
     <span class='ocr_line' id='line_1_20' title="bbox 163 1923 817 2002; baseline -0.002 -18"><span class='ocrx_word' id='word_1_125' title='bbox 163 1925 294 2002; x_wconf 89' lang='lat' dir='ltr'>protinus</span> <span class='ocrx_word' id='word_1_126' title='bbox 308 1925 344 1983; x_wconf 90' lang='lat' dir='ltr'>ad</span> <span class='ocrx_word' id='word_1_127' title='bbox 358 1924 437 1984; x_wconf 87' lang='lat' dir='ltr'>sedes</span> <span class='ocrx_word' id='word_1_128' title='bbox 453 1923 558 1982; x_wconf 88' lang='lat' dir='ltr'>Priami</span> <span class='ocrx_word' id='word_1_129' title='bbox 574 1924 699 1982; x_wconf 84' lang='lat' dir='ltr'>clamore</span> <span class='ocrx_word' id='word_1_130' title='bbox 713 1924 817 1983; x_wconf 88' lang='lat' dir='ltr'>vocati.</span> 
     </span>
     <span class='ocr_line' id='line_1_21' title="bbox 164 2005 942 2084; baseline 0.001 -21"><span class='ocrx_word' id='word_1_131' title='bbox 164 2005 212 2064; x_wconf 91' lang='lat' dir='ltr'>hic</span> <span class='ocrx_word' id='word_1_132' title='bbox 228 2025 296 2064; x_wconf 90' lang='lat' dir='ltr'>vero</span> <span class='ocrx_word' id='word_1_133' title='bbox 311 2005 459 2081; x_wconf 85' lang='lat' dir='ltr'>ingentem</span> <span class='ocrx_word' id='word_1_134' title='bbox 473 2024 610 2084; x_wconf 85' lang='lat' dir='ltr'>pugnam,</span> <span class='ocrx_word' id='word_1_135' title='bbox 625 2025 678 2064; x_wconf 90' lang='lat' dir='ltr'>ceu</span> <span class='ocrx_word' id='word_1_136' title='bbox 693 2020 788 2064; x_wconf 85' lang='lat' dir='ltr'>cetera</span> <span class='ocrx_word' id='word_1_137' title='bbox 802 2026 942 2084; x_wconf 86' lang='lat' dir='ltr'>nusquam</span> 
     </span>
     <span class='ocr_line' id='line_1_22' title="bbox 164 2085 859 2158; baseline 0 -13"><span class='ocrx_word' id='word_1_138' title='bbox 164 2085 240 2145; x_wconf 91' lang='lat' dir='ltr'>bella</span> <span class='ocrx_word' id='word_1_139' title='bbox 254 2087 361 2158; x_wconf 82' lang='lat' dir='ltr'>forent,</span> <span class='ocrx_word' id='word_1_140' title='bbox 375 2087 449 2144; x_wconf 91' lang='lat' dir='ltr'>nulli</span> <span class='ocrx_word' id='word_1_141' title='bbox 464 2101 523 2145; x_wconf 93' lang='lat' dir='ltr'>tota</span> <span class='ocrx_word' id='word_1_142' title='bbox 537 2101 718 2145; x_wconf 88' lang='lat' dir='ltr'>morerentur</span> <span class='ocrx_word' id='word_1_143' title='bbox 732 2086 762 2144; x_wconf 89' lang='lat' dir='ltr'>in</span> <span class='ocrx_word' id='word_1_144' title='bbox 778 2086 859 2158; x_wconf 90' lang='lat' dir='ltr'>urbe,</span> 
     </span>
     <span class='ocr_line' id='line_1_23' title="bbox 164 2166 1002 2245; baseline 0 -21"><span class='ocrx_word' id='word_1_145' title='bbox 164 2166 203 2225; x_wconf 92' lang='lat' dir='ltr'>sic</span> <span class='ocrx_word' id='word_1_146' title='bbox 219 2168 348 2226; x_wconf 80' lang='lat' dir='ltr'>Martem</span> <span class='ocrx_word' id='word_1_147' title='bbox 362 2166 546 2236; x_wconf 87' lang='lat' dir='ltr'>indomitum,</span> <span class='ocrx_word' id='word_1_148' title='bbox 561 2166 732 2245; x_wconf 86' lang='lat' dir='ltr'>Danaosque</span> <span class='ocrx_word' id='word_1_149' title='bbox 748 2167 783 2225; x_wconf 84' lang='lat' dir='ltr'>ad</span> <span class='ocrx_word' id='word_1_150' title='bbox 798 2183 873 2226; x_wconf 89' lang='lat' dir='ltr'>tecta</span> <span class='ocrx_word' id='word_1_151' title='bbox 887 2183 1002 2227; x_wconf 89' lang='lat' dir='ltr'>ruentes</span> 
     </span>
     <span class='ocr_line' id='line_1_24' title="bbox 163 2247 1033 2327; baseline -0.001 -20"><span class='ocrx_word' id='word_1_152' title='bbox 163 2247 318 2319; x_wconf 87' lang='lat' dir='ltr'>cernimus,</span> <span class='ocrx_word' id='word_1_153' title='bbox 333 2247 534 2327; x_wconf 88' lang='lat' dir='ltr'>obsessumque</span> <span class='ocrx_word' id='word_1_154' title='bbox 548 2263 610 2306; x_wconf 91' lang='lat' dir='ltr'>acta</span> <span class='ocrx_word' id='word_1_155' title='bbox 625 2247 767 2306; x_wconf 88' lang='lat' dir='ltr'>testudine</span> <span class='ocrx_word' id='word_1_156' title='bbox 783 2248 882 2308; x_wconf 89' lang='lat' dir='ltr'>limen.</span> <span class='ocrx_word' id='word_1_157' title='bbox 995 2278 1033 2316; x_wconf 83' lang='lat'>⁴41</span> 
     </span>
     <span class='ocr_line' id='line_1_25' title="bbox 163 2327 885 2407; baseline -0.003 -19"><span class='ocrx_word' id='word_1_158' title='bbox 163 2330 284 2388; x_wconf 89' lang='lat' dir='ltr'>haerent</span> <span class='ocrx_word' id='word_1_159' title='bbox 297 2329 451 2406; x_wconf 88' lang='lat' dir='ltr'>parietibus</span> <span class='ocrx_word' id='word_1_160' title='bbox 467 2329 566 2398; x_wconf 86' lang='lat' dir='ltr'>scalae,</span> <span class='ocrx_word' id='word_1_161' title='bbox 582 2343 730 2407; x_wconf 89' lang='lat' dir='ltr'>postesque</span> <span class='ocrx_word' id='word_1_162' title='bbox 745 2328 797 2386; x_wconf 91' lang='lat' dir='ltr'>sub</span> <span class='ocrx_word' id='word_1_163' title='bbox 811 2327 885 2404; x_wconf 87' lang='lat' dir='ltr'>ipsos</span> 
     </span>
     <span class='ocr_line' id='line_1_26' title="bbox 163 2407 883 2488; baseline -0.004 -20"><span class='ocrx_word' id='word_1_164' title='bbox 163 2408 298 2468; x_wconf 90' lang='lat' dir='ltr'>nituntur</span> <span class='ocrx_word' id='word_1_165' title='bbox 311 2409 451 2484; x_wconf 83' lang='lat' dir='ltr'>gradibus,</span> <span class='ocrx_word' id='word_1_166' title='bbox 467 2409 632 2488; x_wconf 87' lang='lat' dir='ltr'>clipeosque</span> <span class='ocrx_word' id='word_1_167' title='bbox 647 2409 683 2466; x_wconf 86' lang='lat' dir='ltr'>ad</span> <span class='ocrx_word' id='word_1_168' title='bbox 695 2409 751 2467; x_wconf 90' lang='lat' dir='ltr'>tela</span> <span class='ocrx_word' id='word_1_169' title='bbox 765 2407 883 2466; x_wconf 90' lang='lat' dir='ltr'>sinistris</span> 
     </span>
     <span class='ocr_line' id='line_1_27' title="bbox 162 2488 847 2569; baseline 0 -22"><span class='ocrx_word' id='word_1_170' title='bbox 162 2491 287 2568; x_wconf 88' lang='lat' dir='ltr'>protecti</span> <span class='ocrx_word' id='word_1_171' title='bbox 301 2490 443 2562; x_wconf 90' lang='lat' dir='ltr'>obiciunt,</span> <span class='ocrx_word' id='word_1_172' title='bbox 457 2506 593 2569; x_wconf 89' lang='lat' dir='ltr'>prensant</span> <span class='ocrx_word' id='word_1_173' title='bbox 608 2489 717 2566; x_wconf 86' lang='lat' dir='ltr'>fastigia</span> <span class='ocrx_word' id='word_1_174' title='bbox 730 2488 847 2547; x_wconf 81' lang='lat' dir='ltr'>dextris.</span> 
     </span>
     <span class='ocr_line' id='line_1_28' title="bbox 164 2569 870 2631; baseline -0.006 0"><span class='ocrx_word' id='word_1_175' title='bbox 164 2571 346 2631; x_wconf 88' lang='lat' dir='ltr'>Dardanidae</span> <span class='ocrx_word' id='word_1_176' title='bbox 361 2587 461 2630; x_wconf 88' lang='lat' dir='ltr'>contra</span> <span class='ocrx_word' id='word_1_177' title='bbox 476 2587 567 2630; x_wconf 86' lang='lat' dir='ltr'>turres</span> <span class='ocrx_word' id='word_1_178' title='bbox 581 2591 614 2630; x_wconf 90' lang='lat' dir='ltr'>ac</span> <span class='ocrx_word' id='word_1_179' title='bbox 630 2586 706 2629; x_wconf 91' lang='lat' dir='ltr'>tecta</span> <span class='ocrx_word' id='word_1_180' title='bbox 720 2569 870 2629; x_wconf 86' lang='lat' dir='ltr'>domorum</span> 
     </span>
     <span class='ocr_line' id='line_1_29' title="bbox 164 2649 1011 2731; baseline -0.004 -19"><span class='ocrx_word' id='word_1_181' title='bbox 164 2652 293 2712; x_wconf 86' lang='lat' dir='ltr'>culmina</span> <span class='ocrx_word' id='word_1_182' title='bbox 307 2653 500 2711; x_wconf 88' lang='lat' dir='ltr'>convellunt:</span> <span class='ocrx_word' id='word_1_183' title='bbox 521 2651 564 2710; x_wconf 88' lang='lat' dir='ltr'>his</span> <span class='ocrx_word' id='word_1_184' title='bbox 580 2671 617 2722; x_wconf 87' lang='lat' dir='ltr'>se,</span> <span class='ocrx_word' id='word_1_185' title='bbox 633 2651 746 2731; x_wconf 84' lang='lat' dir='ltr'>quando</span> <span class='ocrx_word' id='word_1_186' title='bbox 761 2649 862 2708; x_wconf 84' lang='lat' dir='ltr'>ultima</span> <span class='ocrx_word' id='word_1_187' title='bbox 876 2664 1011 2720; x_wconf 83' lang='lat' dir='ltr'>cernunt,</span> 
     </span>
     <span class='ocr_line' id='line_1_30' title="bbox 164 2731 900 2810; baseline -0.005 -18"><span class='ocrx_word' id='word_1_188' title='bbox 164 2749 294 2792; x_wconf 84' lang='lat' dir='ltr'>extrema</span> <span class='ocrx_word' id='word_1_189' title='bbox 308 2733 365 2792; x_wconf 88' lang='lat' dir='ltr'>iam</span> <span class='ocrx_word' id='word_1_190' title='bbox 379 2733 410 2796; x_wconf 87' lang='lat' dir='ltr'>in</span> <span class='ocrx_word' id='word_1_191' title='bbox 425 2748 518 2791; x_wconf 89' lang='lat' dir='ltr'>morte</span> <span class='ocrx_word' id='word_1_192' title='bbox 532 2735 632 2810; x_wconf 82' lang='lat' dir='ltr'>parant</span> <span class='ocrx_word' id='word_1_193' title='bbox 646 2731 800 2790; x_wconf 89' lang='lat' dir='ltr'>defendere</span> <span class='ocrx_word' id='word_1_194' title='bbox 815 2731 900 2798; x_wconf 83' lang='lat' dir='ltr'>telis3</span> 
     </span>
     <span class='ocr_line' id='line_1_31' title="bbox 164 2812 952 2893; baseline -0.003 -21"><span class='ocrx_word' id='word_1_195' title='bbox 164 2830 328 2893; x_wconf 80' lang='lat' dir='ltr'>auratasque</span> <span class='ocrx_word' id='word_1_196' title='bbox 345 2812 445 2884; x_wconf 89' lang='lat' dir='ltr'>trabes,</span> <span class='ocrx_word' id='word_1_197' title='bbox 460 2829 590 2872; x_wconf 88' lang='lat' dir='ltr'>veterum</span> <span class='ocrx_word' id='word_1_198' title='bbox 605 2813 708 2871; x_wconf 92' lang='lat' dir='ltr'>decora</span> <span class='ocrx_word' id='word_1_199' title='bbox 722 2813 778 2870; x_wconf 83' lang='lat' dir='ltr'>alta</span> <span class='ocrx_word' id='word_1_200' title='bbox 791 2828 952 2890; x_wconf 84' lang='lat' dir='ltr'>parentum,</span> 
     </span>
     <span class='ocr_line' id='line_1_32' title="bbox 164 2892 816 2964; baseline -0.005 -11"><span class='ocrx_word' id='word_1_201' title='bbox 164 2895 343 2954; x_wconf 87' lang='lat' dir='ltr'>devolvunt:</span> <span class='ocrx_word' id='word_1_202' title='bbox 363 2894 413 2964; x_wconf 78' lang='lat' dir='ltr'>alii</span> <span class='ocrx_word' id='word_1_203' title='bbox 428 2893 532 2952; x_wconf 88' lang='lat' dir='ltr'>strictis</span> <span class='ocrx_word' id='word_1_204' title='bbox 547 2892 731 2951; x_wconf 88' lang='lat' dir='ltr'>mucronibus</span> <span class='ocrx_word' id='word_1_205' title='bbox 746 2893 816 2951; x_wconf 88' lang='lat' dir='ltr'>imas</span> 
     </span>
     <span class='ocr_line' id='line_1_33' title="bbox 162 2973 1033 3049; baseline -0.003 -16"><span class='ocrx_word' id='word_1_206' title='bbox 162 2976 300 3035; x_wconf 87' lang='lat' dir='ltr'>obsedere</span> <span class='ocrx_word' id='word_1_207' title='bbox 314 2977 412 3046; x_wconf 88' lang='lat' dir='ltr'>fores;</span> <span class='ocrx_word' id='word_1_208' title='bbox 431 2976 480 3033; x_wconf 80' lang='lat' dir='ltr'>has</span> <span class='ocrx_word' id='word_1_209' title='bbox 495 2983 608 3032; x_wconf 79' lang='lat' dir='ltr'>servant</span> <span class='ocrx_word' id='word_1_210' title='bbox 623 2973 736 3049; x_wconf 83' lang='lat' dir='ltr'>agmine</span> <span class='ocrx_word' id='word_1_211' title='bbox 750 2973 848 3034; x_wconf 89' lang='lat' dir='ltr'>denso.</span> <span class='ocrx_word' id='word_1_212' title='bbox 994 3001 1033 3039; x_wconf 83' lang='lat'>4⁵0</span> 
     </span>
     <span class='ocr_line' id='line_1_34' title="bbox 162 3053 798 3131; baseline -0.002 -18"><span class='ocrx_word' id='word_1_213' title='bbox 162 3055 310 3116; x_wconf 85' lang='lat' dir='ltr'>instaurati</span> <span class='ocrx_word' id='word_1_214' title='bbox 326 3055 426 3128; x_wconf 87' lang='lat' dir='ltr'>animi,</span> <span class='ocrx_word' id='word_1_215' title='bbox 440 3055 511 3131; x_wconf 89' lang='lat' dir='ltr'>regis</span> <span class='ocrx_word' id='word_1_216' title='bbox 527 3074 690 3113; x_wconf 88' lang='lat' dir='ltr'>succurrere</span> <span class='ocrx_word' id='word_1_217' title='bbox 705 3053 798 3124; x_wconf 86' lang='lat' dir='ltr'>tectis,</span> 
     </span>
     <span class='ocr_line' id='line_1_35' title="bbox 160 3134 893 3216; baseline -0.003 -22"><span class='ocrx_word' id='word_1_218' title='bbox 160 3137 328 3216; x_wconf 78' lang='lat' dir='ltr'>auxilioque</span> <span class='ocrx_word' id='word_1_219' title='bbox 343 3138 438 3196; x_wconf 85' lang='lat' dir='ltr'>levare</span> <span class='ocrx_word' id='word_1_220' title='bbox 453 3137 538 3207; x_wconf 90' lang='lat' dir='ltr'>viros,</span> <span class='ocrx_word' id='word_1_221' title='bbox 553 3135 668 3212; x_wconf 90' lang='lat' dir='ltr'>vimque</span> <span class='ocrx_word' id='word_1_222' title='bbox 683 3135 786 3194; x_wconf 86' lang='lat' dir='ltr'>addere</span> <span class='ocrx_word' id='word_1_223' title='bbox 801 3134 893 3194; x_wconf 92' lang='lat' dir='ltr'>victis.</span> 
     </span>
    </p>

    <p class='ocr_par' dir='ltr' id='par_1_3' title="bbox 156 3216 883 3374">
     <span class='ocr_line' id='line_1_36' title="bbox 204 3216 883 3297; baseline -0.001 -22"><span class='ocrx_word' id='word_1_224' title='bbox 204 3217 295 3276; x_wconf 90' lang='lat' dir='ltr'>limen</span> <span class='ocrx_word' id='word_1_225' title='bbox 311 3234 371 3276; x_wconf 89' lang='lat' dir='ltr'>erat</span> <span class='ocrx_word' id='word_1_226' title='bbox 385 3237 542 3297; x_wconf 88' lang='lat' dir='ltr'>caecaeque</span> <span class='ocrx_word' id='word_1_227' title='bbox 558 3216 631 3274; x_wconf 88' lang='lat' dir='ltr'>fores</span> <span class='ocrx_word' id='word_1_228' title='bbox 646 3231 675 3274; x_wconf 90' lang='lat' dir='ltr'>et</span> <span class='ocrx_word' id='word_1_229' title='bbox 688 3216 804 3294; x_wconf 87' lang='lat' dir='ltr'>pervius</span> <span class='ocrx_word' id='word_1_230' title='bbox 818 3237 883 3274; x_wconf 87' lang='lat' dir='ltr'>usus</span> 
     </span>
     <span class='ocr_line' id='line_1_37' title="bbox 156 3296 842 3374; baseline -0.006 -15"><span class='ocrx_word' id='word_1_231' title='bbox 156 3312 306 3359; x_wconf 87' lang='lat' dir='ltr'>tectorum</span> <span class='ocrx_word' id='word_1_232' title='bbox 322 3297 397 3357; x_wconf 89' lang='lat' dir='ltr'>inter</span> <span class='ocrx_word' id='word_1_233' title='bbox 411 3319 440 3357; x_wconf 84' lang='lat' dir='ltr'>se</span> <span class='ocrx_word' id='word_1_234' title='bbox 456 3296 569 3368; x_wconf 87' lang='lat' dir='ltr'>Priami,</span> <span class='ocrx_word' id='word_1_235' title='bbox 584 3312 734 3374; x_wconf 86' lang='lat' dir='ltr'>postesque</span> <span class='ocrx_word' id='word_1_236' title='bbox 747 3296 842 3355; x_wconf 88' lang='lat' dir='ltr'>relicti</span> 
     </span>
    </p>

    <p class='ocr_par' dir='ltr' id='par_1_4' title="bbox 427 3389 729 3455">
     <span class='ocr_line' id='line_1_38' title="bbox 427 3389 729 3455; baseline 0 -17"><span class='ocrx_word' id='word_1_237' title='bbox 427 3403 474 3455; x_wconf 84' lang='lat'>445</span> <span class='ocrx_word' id='word_1_238' title='bbox 493 3399 551 3440; x_wconf 85' lang='lat' dir='ltr'>tota.</span> <span class='ocrx_word' id='word_1_239' title='bbox 616 3389 663 3452; x_wconf 78' lang='lat'>448</span> <span class='ocrx_word' id='word_1_240' title='bbox 682 3391 729 3438; x_wconf 74' lang='lat' dir='ltr'>rna.</span> 
     </span>
    </p>
   </div>
   <div class='ocr_carea' id='block_1_3' title="bbox 0 0 1284 4112">
    <p class='ocr_par' dir='ltr' id='par_1_5' title="bbox 0 0 1284 4112">
     <span class='ocr_line' id='line_1_39' title="bbox 0 0 1284 4112; baseline 0 1"><span class='ocrx_word' id='word_1_241' title='bbox 0 0 1284 4112; x_wconf 95' lang='lat' dir='ltr'> </span> 
     </span>
    </p>
   </div>
  </div>
 </body>
</html>
