2562 4114
409 364 576 412 AENEIDOS
594 364 657 412 LIB.
675 364 740 412 v111

159 496 223 556 vela
237 495 306 554 dare
321 511 350 554 et
364 495 443 554 laxos
457 494 515 552 iam
529 493 644 572 iamque
659 493 807 553 inmittere
822 494 916 554 funes.

159 577 241 638 illam
256 575 334 634 inter
348 576 448 634 caedes
461 575 624 654 pallentem
638 589 731 634 morte
747 575 842 634 futura

159 657 268 718 fecerat
282 657 451 734 Ignipotens
466 655 551 716 undis
566 671 596 714 et
610 656 716 734 Iapyge
731 656 798 714 ferri
811 681 820 727 ;
989 687 1027 726 710

81 811 85 820 ι
159 753 260 797 contra
275 752 372 796 autem
387 757 491 814 magno
505 751 683 799 maerentem
698 757 816 814 corpore
831 736 947 810 Nilum,

158 818 431 911 pandentemque'
410 839 488 876 smus
503 834 532 877 et
547 833 608 878 tota
622 833 702 877 veste
716 833 870 876 vocantem

159 899 348 958 caeruleum
341 919 371 956 ιιι
387 899 528 974 gremium
543 898 744 976 latebrosaque
759 896 880 956 flumina
895 898 996 958 victos.

159 995 187 1038 at
203 979 318 1050 Caesar,
333 978 465 1056 triplici
457 995 590 1038 1nvectus
606 979 738 1037 Romana
753 978 901 1056 triumpho

158 1060 284 1133 moenia,
299 1059 342 1118 dis
357 1059 439 1118 Italis
453 1075 554 1118 votum
569 1059 724 1118 inmortale
736 1059 872 1131 sacrabat,

158 1141 285 1201 maxima
299 1157 343 1199 ter
357 1155 477 1200 centum
493 1155 583 1199 totam
599 1140 719 1201 delubra
732 1161 784 1217 per
799 1139 922 1198 Urbem.

158 1221 269 1281 laetitia
283 1221 418 1300 ludisque
432 1220 497 1279 viae
511 1221 673 1299 plausuque
688 1219 851 1278 fremebant
863 1245 873 1290 ;

159 1302 294 1360 omnibus
308 1301 340 1359 in
355 1301 470 1379 templis
486 1317 611 1360 matrum
628 1303 742 1374 chorus,
757 1300 890 1359 omnibus
905 1321 992 1372 arae;

159 1397 232 1442 ante-
242 1403 301 1442 aras
316 1396 420 1440 terram
436 1381 509 1441 caesi
524 1398 649 1442 stravere
663 1381 790 1442 iuvenci.

158 1463 228 1540 ipse,
245 1462 347 1522 sedens
363 1463 449 1522 niveo
463 1462 615 1522 candentis
631 1462 734 1521 limine
749 1461 869 1534 Phoebi,
987 1491 1027 1532 720

159 1543 235 1602 dona
248 1544 427 1620 recognoscit
440 1545 616 1622 populorum
632 1557 768 1621 aptatque
783 1542 911 1620 superbis

158 1625 288 1702 postibus
300 1649 310 1695 3
331 1625 473 1684 incedunt
486 1625 581 1684 victae
596 1624 684 1699 longo
698 1624 799 1682 ordine
814 1639 922 1698 gentes,

159 1726 247 1783 quam
260 1705 354 1764 variae
369 1705 484 1781 linguis,
500 1705 602 1764 habitu
618 1720 677 1763 tam
692 1704 779 1763 vestis
794 1719 823 1762 et
838 1703 930 1762 armis.

159 1785 207 1844 hic
222 1786 391 1845 Nomadum
406 1805 495 1862 genus
510 1801 539 1844 et
553 1785 710 1844 discinctos
726 1783 876 1842 Mulciber
889 1785 984 1856 Afros,

159 1866 207 1925 hic
222 1866 342 1942 Lelegas
358 1866 505 1944 Carasque
520 1865 749 1942 sagittiferosque
765 1863 895 1922 Gelonos

151 1946 305 2018 .finxerat;
327 1947 486 2024 Euphrates
501 1945 583 2003 ibat'
575 1964 633 2003 ram
648 1944 764 2002 mollior
779 1943 884 2014 undis,

159 2028 340 2106 extremique
354 2026 509 2084 hominum
525 2025 646 2096 Morini,
663 2025 842 2103 Rhenusque
857 2024 1005 2096 bicomis3

158 2108 354 2186 indomitique
368 2106 470 2166 Dahae
485 2121 514 2164 et
528 2121 649 2184 pontem
663 2105 829 2180 indignatus
842 2106 961 2165 Araxes.

159 2189 227 2248 talia
241 2208 294 2266 per
307 2187 434 2265 clipeum
449 2185 585 2280 Vulcani,
601 2187 678 2245 dona
692 2185 827 2264 parentis,

159 2269 287 2341 miratur,
302 2287 457 2346 rerumque
471 2265 585 2343 ignarus
599 2266 725 2342 imagine
740 2265 853 2342 gaudet,
988 2295 1026 2336 730

160 2349 298 2410 attollens
313 2368 415 2408 umero
428 2348 593 2426 famamque
608 2363 638 2407 et
652 2348 709 2406 fata
723 2362 873 2426 nepotum.
