2556 4116
231 361 263 410 60
504 361 531 409 P.
548 359 692 409 VERGILI
709 360 867 409 MARONIS

272 507 367 552 cetera
382 509 437 550 nec
452 491 563 557 feturae
578 490 680 560 habilis
695 510 749 548 nec
764 491 845 553 fortis
860 491 965 551 aratris.

272 573 391 642 interea,
406 577 520 649 superat
531 571 663 665 gregibus
678 571 748 630 dum
762 571 858 630 laeta'
850 589 988 644 iuventas,

272 654 351 713 solve
365 673 477 723 mares;
499 653 581 711 mitte
596 645 628 710 ln
643 653 789 711 Venerem
803 654 937 732 pecuaria
951 655 1069 731 primus,

272 750 358 828 atque
373 734 457 792 aliam
473 719 508 792 eir
524 733 578 791 alia
593 734 756 809 generando
771 733 867 793 suffice
881 735 1001 828 prolem.

272 815 381 894 optima
394 829 523 894 quaeque
539 813 598 873 dies
614 813 723 873 miseris
739 815 904 874 mortalibus
919 815 980 874 aevi

271 897 363 975 prima
377 896 472 970 fugit3
493 896 617 954 subeunt
632 895 724 953 morbi
739 895 881 990 tristisque
896 913 1027 956 senectus

273 994 301 1037 et
316 978 404 1046 labor,
420 993 450 1035 et
464 977 551 1036 durae
567 976 639 1053 rapit
654 971 843 1035 inclementia
857 977 964 1036 mortis.

272 1079 384 1136 semper
399 1073 492 1150 erunt,
509 1078 629 1137 quarum
644 1057 747 1116 mutari
762 1077 830 1135 corp
850 1079 878 1115 ra
892 1059 994 1118 malis:

271 1159 383 1217 semper
398 1139 476 1197 enim
491 1139 576 1198 refice
592 1160 634 1211 ac,
650 1159 687 1196 ne
702 1154 765 1218 post
778 1079 877 1197 amlisa
890 1140 1024 1232 requiras,
1111 1173 1138 1212 ,ο

271 1219 417 1290 anteveni,
432 1236 461 1278 et
476 1220 606 1278 subolem
622 1235 752 1278 armento
766 1219 863 1278 sortire
878 1220 1039 1300 quotannis.

313 1321 367 1359 nec
382 1321 441 1358 non
458 1316 486 1358 et
500 1301 598 1378 pecori
614 1317 656 1359 est
671 1301 748 1359 idem
762 1301 890 1360 delectus
904 1301 1021 1379 equino.

271 1397 303 1442 tu
317 1381 415 1454 modo,
429 1401 507 1459 quos
514 1381 544 1439 in
560 1401 639 1458 spem
655 1397 759 1441 statues
773 1381 940 1441 submittere
954 1381 1055 1457 gentis,

270 1462 459 1541 praecipuum
474 1462 530 1520 iam
546 1462 614 1520 inde
629 1484 645 1520 a
660 1451 764 1520 teneris
778 1462 904 1540 inpende
919 1463 1055 1522 laborem.

271 1543 412 1601 continuo
425 1543 536 1620 pecoris
551 1563 679 1618 generosi
672 1542 813 1620 ''pullus
805 1563 836 1600 ιιι
851 1543 921 1601 arvis

271 1624 355 1682 altius
369 1623 527 1700 ingreditur
542 1640 570 1714 et
585 1623 685 1681 mollia
698 1644 781 1683 crura
795 1624 926 1702 reponit·
917 1668 926 1694 ,

271 1704 379 1781 primus
393 1720 422 1762 et
436 1701 478 1762 irc
492 1696 568 1763 viaria
583 1720 612 1763 et
626 1700 727 1762 fluvios
743 1721 881 1783 temptare
896 1705 1037 1764 minantes

271 1785 365 1856 audet,
382 1801 411 1844 et
424 1785 523 1863 ignoto
538 1806 597 1844 sese
612 1786 793 1845 committere
807 1785 898 1863 ponti,

271 1885 325 1924 nec
340 1887 427 1924 vanos
441 1868 538 1925 horret
552 1867 697 1944 strepitus.
738 1867 782 1925 illi
797 1868 883 1925 ardua
896 1865 992 1925 cervix

271 1963 460 2024 argutumque
475 1963 571 2041 caput,
588 1948 680 2006 brevis
695 1948 774 2006 alvus
788 1949 926 2025 obesaque
941 1963 1029 2022 terga,
1112 1966 1139 2007 so

271 2027 453 2106 luxuriatque
469 2027 536 2085 toris
551 2028 711 2088 animosum
725 2045 842 2108 pectus.
874 2028 987 2088 honesti

271 2107 397 2186 spadices
410 2109 571 2186 glaucique,
588 2110 668 2167 color
682 2099 851 2170 deterrimus
866 2109 936 2168 albis

271 2203 300 2248 et
313 2189 400 2265 gilvo.
442 2204 515 2261 tum,
530 2190 552 2248 si
567 2212 623 2269 qua
638 2211 740 2251 sonum
753 2192 856 2270 procul
871 2212 948 2250 arma
962 2191 1077 2262 dedere,

269 2284 342 2328 stare
356 2269 422 2328 loco
436 2271 538 2344 nescit,
554 2272 642 2330 micat
657 2273 771 2331 auribus
785 2289 814 2331 et
829 2273 926 2331 tremit
941 2289 1026 2343 artus,

270 2351 484 2431 collectumque
499 2373 631 2430 premens
647 2354 736 2411 volvit
751 2353 803 2411 sub
818 2351 954 2410 naribus
946 2372 1054 2428 agnem.

269 2432 356 2491 densa
369 2432 447 2504 iuba,
462 2448 491 2492 et
505 2433 629 2492 dextro
622 2450 724 2494 iactata
738 2433 904 2492 recumbit'
896 2453 926 2491 in
941 2452 1041 2499 arm03
1070 2466 1141 2482 fa-

269 2528 297 2572 at
311 2513 417 2591 duplex
433 2514 525 2589 agitur
538 2536 590 2592 per
604 2515 716 2574 lumbos
732 2514 821 2593 spina,
836 2529 973 2592 cavatque

269 2594 404 2656 tellurem
419 2610 447 2653 et
462 2594 552 2654 solido
567 2596 688 2672 graviter
702 2610 782 2653 sonat
797 2594 904 2670 ungula
918 2614 1018 2653 cornu.

270 2673 333 2732 talis
347 2675 498 2752 Amyclaei
513 2676 637 2735 domitus
655 2675 779 2734 Pollucis
793 2674 911 2734 habenis

270 2753 402 2831 Cyllarus
418 2772 454 2829 et,
470 2776 594 2836 quorum
609 2757 680 2815 Grai
695 2756 850 2816 meminere
864 2772 974 2834 poetae,
1112 2785 1140 2827 90

269 2835 373 2894 Martis
388 2858 454 2915 equr
446 2837 579 2914 biiuges
595 2854 623 2896 et
638 2837 733 2914 magni
748 2857 846 2896 currus
860 2836 982 2896 Achilli.

268 2915 331 2974 talis
345 2917 447 3010 etipse
462 2918 559 2977 iubam
575 2919 687 2977 cervice
702 2918 804 2978 effudit
818 2919 923 2997 equina

269 2996 397 3073 coniugis
411 2999 536 3058 adventu
550 3000 654 3078 pernix
670 3000 817 3071 Saturnus,
832 3016 861 3059 et
875 3000 966 3059 altum

269 3075 371 3135 Pelion
386 3079 504 3139 hinnitu
518 3081 631 3156 fugiens
646 3080 769 3159 inplevit
783 3096 877 3140 acuto.

309 3159 388 3217 hunc
404 3181 529 3252 quoque,
543 3163 593 3220 ubi
608 3178 656 3220 aut
671 3162 771 3220 morbo
785 3162 875 3238 gravis
889 3177 939 3220 aut
953 3159 1010 3220 iam
1024 3157 1136 3235 segnior

350 3239 432 3298 annis

267 3318 374 3392 deficit,
390 3320 462 3380 abde
476 3321 562 3380 domo
576 3342 631 3380 nec
647 3322 724 3402 turpi
739 3323 854 3399 ignosce
869 3338 1010 3382 senectae.
1265 3367 1266 3374 ι

293 3414 323 3476 63
341 3414 458 3465 iuventus.
526 3416 556 3478 69
574 3416 657 3466 mavia.
724 3431 755 3479 7²
773 3418 877 3467 dilectas.
944 3417 974 3480 85
991 3417 1102 3465 fremens
