2568 4114
250 363 297 401 222
520 347 548 396 P.
565 346 708 396 VERGlLl
725 346 883 396 MARONIS

289 474 503 549 adceleremus,’
517 476 579 547 ait;
599 476 783 554 ‘Cyclopum
798 477 902 537 educta
916 478 1037 538 caminis
1121 499 1163 551 ιφ

291 557 405 618 moenia
419 558 578 636 conspicio,
592 575 678 637 atque
692 557 809 616 adverso
823 558 934 618 fornice
948 576 1051 664 portaf,

287 642 359 699 haec
375 639 425 699 ubi
440 659 491 698 nos
506 656 657 719 praecepta
670 639 773 697 iubent
787 638 931 718 deponere
944 639 1038 700 dona?

288 721 410 791 dixerat,
425 735 455 778 et
468 721 575 799 pariter
589 720 673 796 gressi
689 741 739 798 per
753 740 842 798 opaca
855 720 966 780 viarum

288 800 450 878 corripiunt
464 801 587 878 spatium
602 801 740 872 medium,
756 801 920 880 foribusque
934 802 1139 894 propinquant.

288 897 411 975 occupat
425 883 535 940 Aeneas
551 881 670 954 aditum,
685 902 845 975 corpusque
859 881 969 942 recenti

288 962 393 1041 spargit
407 981 489 1041 aqua,
505 982 675 1041 ramumque
689 963 825 1021 adverso'
817 983 848 1022 ιιι
863 962 964 1022 limine
979 963 1050 1040 figit.

328 1044 372 1102 his
386 1043 504 1103 demum
519 1043 634 1116 exactis,
651 1044 780 1122 perfecto
794 1063 913 1104 munere
927 1044 1019 1116 divae,

287 1125 429 1185 devenere
444 1125 522 1184 locos
536 1125 624 1184 laetos
639 1141 669 1183 et
683 1144 803 1184 amoena
818 1125 925 1184 virecta

288 1206 510 1264 Fortunatorum
525 1205 688 1265 Nemorum
704 1207 840 1284 sedesque
855 1206 959 1265 beatas.

288 1285 391 1362 largior
405 1286 452 1345 hit
468 1307 583 1364 campos
598 1289 696 1346 aether
711 1302 740 1345 et
754 1286 864 1346 lumine
879 1287 964 1346 vestit
1119 1311 1158 1362 ⁶⁴0

287 1386 440 1444 purpureo,
455 1368 602 1446 solemque
618 1388 711 1438 suum,
727 1387 776 1426 sua
791 1367 881 1426 sidera
895 1383 1012 1427 norunt.

288 1467 350 1525 pars
364 1446 397 1504 in
411 1447 563 1522 gramineis
577 1464 714 1508 exercent
728 1448 855 1508 membra
869 1448 1025 1526 palaestris,

288 1526 469 1586 contendunt
484 1528 553 1586 ludo
566 1544 596 1587 et
611 1530 691 1588 fulva
705 1529 852 1588 luctantur
865 1530 991 1600 harena,

287 1628 349 1686 pars
363 1607 483 1686 pedibus
497 1609 641 1685 plaudunt
655 1611 771 1669 choreas
785 1626 814 1670 et
829 1610 954 1669 carmina
967 1610 1082 1670 dicunt.

288 1708 342 1747 nec
357 1708 416 1746 non
431 1687 587 1748 Threicius
602 1691 768 1766 longatum
783 1706 861 1750 veste
876 1691 1004 1751 sacerdos

287 1769 454 1848 obloquitur
467 1769 593 1829 numeris
608 1788 718 1849 septem
734 1772 899 1832 discrimina
913 1792 1028 1844 vocum,

288 1850 404 1929 iamque
417 1849 516 1909 eadem
530 1851 660 1928 digitis‚'
652 1873 709 1912 ram
724 1853 840 1930 pectine
854 1852 948 1931 pulsat
962 1853 1082 1913 eburno.

286 1931 335 1990 hic
350 1951 439 2025 genus
454 1932 604 2011 antiquum
620 1933 742 2027 Teucri,
755 1933 949 2026 pulcherrima
962 1934 1066 2012 proles,

288 2011 464 2087 magnanimi
480 2013 587 2086 heroes,
603 2014 662 2072 nati
678 2013 844 2073 melioribus
858 2014 948 2084 annis,

287 2091 405 2169 Ilusque
419 2092 632 2173 Assaracusque
648 2111 677 2153 et
691 2094 797 2154 Troiae
812 2094 964 2154 Dardanus
977 2112 1088 2156 auctor.
1117 2115 1157 2163 ⁶50

288 2191 365 2230 arma
378 2173 480 2250 procul
495 2193 650 2253 currusque
665 2174 759 2234 virum
774 2175 894 2234 miratur
907 2176 1016 2235 inanes.

287 2268 362 2312 stant
377 2269 451 2312 terra
464 2253 573 2314 defixae
586 2256 693 2327 hastae,
707 2255 868 2350 passimque
882 2257 967 2316 soluti

287 2353 338 2411 per
352 2354 466 2412 campos
479 2352 636 2414 pascuntur
650 2338 728 2415 equi
770 2358 843 2416 quae
857 2355 947 2431 grana
962 2358 1080 2397 currum

287 2435 487 2494 armorumque
503 2415 599 2475 fuit
572 2417 653 2490 vivis,
669 2438 743 2496 quae
758 2439 826 2478 cura
839 2419 963 2478 nitentes

285 2515 403 2573 pascere
416 2516 513 2575 equos,
529 2498 628 2557 eadem
644 2499 774 2577 sequitur
788 2500 892 2559 tellure
905 2515 1041 2577 repostos.

286 2577 436 2655 conspicit,
451 2597 529 2647 ecce,
544 2579 613 2637 alios
628 2580 729 2638 dextra
743 2581 880 2659 laevaque
893 2600 946 2658 per
959 2580 1078 2640 herbam

285 2673 433 2716 vescentes
447 2660 613 2737 laetumque
627 2660 714 2719 choro
728 2681 836 2738 paeana
849 2677 984 2720 canentes

285 2735 361 2797 inter
374 2739 523 2798 odoratum
537 2740 609 2798 lauri
624 2761 736 2812 nemus,
751 2742 827 2801 unde
841 2761 964 2819 superne

275 2857 279 2865 -
285 2818 426 2894 plurimus
442 2819 561 2880 Eridani
576 2841 627 2914 per
641 2821 740 2880 silvam
755 2823 879 2881 volvitur
892 2822 992 2882 amnis

285 2897 332 2956 hic
347 2919 448 2959 manus
461 2901 500 2959 ob
513 2901 633 2980 patriam
640 2903 802 2996 pugnando
815 2904 935 2963 vulnera
949 2901 1032 2980 passi,
1114 2921 1155 2962 ⁶⁶0

284 2978 393 3070 quique
407 2981 564 3041 sacerdotes
579 2983 658 3056 casti,
673 2984 744 3043 dum
758 2983 817 3044 vita
830 2983 973 3054 manebat,

285 3057 393 3150 quique
407 3061 448 3140 pii
464 3078 541 3122 vates
555 3079 584 3122 et
599 3063 715 3124 Phoebo
729 3065 815 3141 digna
829 3065 928 3135 locuti,

285 3137 414 3198 inventas
428 3159 479 3202 aut
493 3143 542 3222 qui
557 3145 645 3204 vitam
660 3147 813 3204 excoluere
828 3165 879 3224 per
892 3161 974 3218 artes,

284 3217 393 3296 quique
408 3221 450 3279 sui
465 3243 605 3284 memores
620 3225 689 3284 alios
705 3225 800 3285 fecere
813 3229 961 3286 merendo.

283 3299 418 3359 omnibus
432 3302 518 3360 his
490 3324 572 3364 nrvea
586 3307 743 3380 tinguntur
758 3321 886 3384 tempora
899 3307 978 3376 vitta,

417 3393 465 3456 630
482 3397 558 3446 ducta.
592 3398 637 3462 651
657 3399 779 3448 mirantur.
813 3400 862 3462 664
879 3399 974 3462 aliquos.
