2562 4114
399 355 566 402 AENEIDOS
576 351 646 402 'LlB.
664 353 688 400 X
952 369 999 417 319

129 484 180 542 olli
195 485 266 543 dura
280 484 361 562 quies
375 484 473 542 oculos
488 498 518 541 et
532 483 639 542 ferreus
653 497 756 558 urguet

130 585 245 623 somnus
260 589 269 635 ;
291 566 321 623 in
337 581 480 623 aeternam
495 564 669 623 clauduntur
683 563 794 622 lumina
808 580 934 623 noctem.

131 645 273 704 Caedicus
287 646 465 704 Alcathoum
479 646 639 715 obtruncat,
657 645 786 702 Sacrator
801 644 969 722 Hydaspen,

131 725 374 805 Partheniumque
390 727 471 804 Rapo
486 743 515 785 et
529 725 700 802 praedurum
714 725 821 783 viribus
836 726 940 796 Orsen,

131 808 280 884 Messapus
296 807 494 885 Cloniumque
508 807 747 884 Lycaoniumque
763 805 909 878 Ericeten,

129 887 213 946 illum
227 888 349 947 infrenis
363 889 429 967 equi
445 889 524 965 lapsu
539 888 642 946 tellure
657 887 809 957 iacentem,
963 917 1000 955 ⁷⁵0

128 971 207 1027 hunc
222 969 350 1046 peditem
365 969 459 1047 pedes.
503 985 531 1028 et
546 969 652 1045 Lycius
667 983 840 1045 processerat
853 967 924 1043 Agis
938 993 953 1037 3·

129 1070 215 1128 quem
230 1066 326 1109 tamen
341 1051 418 1109 haud
432 1061 531 1127 eipers
546 1050 668 1108 Valerus
682 1048 794 1108 virtutis
810 1048 901 1106 avitae

129 1130 216 1188 deicit
229 1155 238 1201 ;
259 1146 287 1189 at
302 1131 468 1189 Thronium
485 1131 583 1199 Salius,
601 1130 768 1208 Saliumque
783 1129 918 1200 Nealces,

129 1211 248 1287 insignis
262 1211 357 1270 iaculo
372 1227 400 1270 et
415 1213 500 1286 longe
516 1212 634 1269 fallente
649 1210 757 1286 sagitta.

170 1291 227 1349 iam
241 1291 330 1366 gravis
345 1292 483 1370 aequabat
498 1293 593 1351 luctus
607 1307 636 1349 et
651 1307 751 1349 mutua
766 1291 884 1348 Mavors

129 1372 240 1442 funera,
254 1373 412 1432 caedebant
426 1373 531 1451 pariter
545 1371 706 1450 pariterque
720 1371 840 1429 ruebant

129 1452 250 1511 victores
264 1453 391 1532 victique
405 1479 414 1524 ;
436 1474 531 1532 neque
545 1453 590 1510 his
605 1453 672 1528 fuga
686 1467 764 1522 nota,
779 1471 875 1528 neque
890 1451 958 1510 illis.

129 1533 158 1591 di
174 1533 247 1591 Iovis
262 1533 293 1592 in
308 1535 392 1593 tectis
407 1534 479 1592 iram
495 1533 665 1592 miserantur
679 1533 796 1591 inanem

130 1615 287 1686 amborum,
303 1631 332 1673 et
346 1631 439 1673 tantos
455 1613 621 1674 mortalibus
637 1634 696 1673 esse
711 1613 842 1684 labores3

129 1695 198 1752 hinc
213 1696 323 1766 Venus,
338 1696 408 1754 hinc
424 1713 523 1755 contra
538 1711 646 1772 spectat
662 1694 793 1752 Saturnia
806 1695 892 1752 Iuno.
963 1712 1000 1762 760

129 1776 235 1853 pallida
250 1776 412 1854 Tisiphone
428 1777 523 1835 media
537 1777 611 1834 inter
627 1775 707 1833 rnilia
720 1774 817 1833 saevit.

130 1872 157 1913 at
171 1877 238 1915 vero
252 1857 401 1932 ingentem
416 1857 548 1934 quatiens
563 1855 728 1914 Mezentius
742 1856 850 1912 hastam

130 1937 259 1995 turbidus
273 1937 432 2012 ingreditur
448 1957 558 2012 campo.
600 1955 686 2012 quam
701 1953 819 2010 magnus
835 1933 938 2004 Orion,

130 2037 197 2075 cum
212 2017 296 2094 pedes
311 2017 421 2075 incedit
436 2017 523 2075 medii
538 2037 589 2095 per
603 2015 727 2074 maxima
742 2013 833 2072 Nerei

129 2114 228 2174 stagna
241 2097 317 2156 viam
332 2096 475 2168 scindens,
490 2117 589 2155 umero
604 2095 797 2173 supereminet
812 2095 911 2165 undas,

129 2193 187 2249 aut,
203 2178 319 2236 summis
333 2179 458 2236 referens
473 2197 608 2236 annosam
624 2176 768 2235 montibus
782 2195 897 2248 ornum,

129 2259 344 2337 ingrediturque
359 2259 418 2317 solo
433 2275 462 2318 et
478 2275 563 2334 caput
577 2258 653 2316 inter
667 2257 766 2315 nubila
780 2257 901 2316 condit:

130 2340 193 2398 talis
208 2359 237 2398 se
252 2339 334 2398 vastis
349 2340 437 2398 infert
453 2339 619 2398 Mezentius
634 2337 727 2397 armis.

83 2451 86 2453 ·
129 2420 197 2479 huic
213 2435 312 2478 contra
325 2421 448 2492 Aeneas,
463 2420 624 2497 speculatus
639 2419 670 2478 in
685 2418 798 2494 agmine
813 2418 908 2493 longo,

130 2501 229 2560 obvius
244 2501 285 2560 ire
299 2517 386 2578 parat.
429 2517 527 2560 manet
541 2500 739 2578 inperterritus
754 2499 815 2570 ille,
962 2527 999 2566 ⁷70

130 2583 241 2640 hostem
255 2583 470 2657 magnanimum
487 2582 648 2660 opperiens,
663 2597 693 2640 et
707 2580 783 2639 mole
798 2600 847 2638 sua
860 2595 937 2648 stat;

131 2679 215 2740 atque
230 2663 320 2722 oculis
336 2663 458 2740 spatium
474 2683 617 2733 emensus,
631 2677 771 2740 quantum
786 2660 851 2718 satis
865 2661 960 2718 hastae
975 2681 982 2716 :

112 2742 227 2800 ‘dextra
242 2744 313 2802 mihi
327 2745 397 2802 deus
412 2759 441 2802 et
457 2745 558 2815 telum,
573 2742 651 2822 quod
665 2741 772 2802 missile
787 2741 871 2812 libro,

131 2843 209 2882 nuuc
226 2825 335 2884 adsint!
379 2845 468 2883 voveo
483 2824 632 2902 praedonis
646 2843 765 2900 corpore
778 2821 865 2898 raptis

131 2905 264 2962 indutum
279 2905 375 2982 spoliis
390 2907 483 2982 ipsum
498 2921 536 2976 te,
551 2905 653 2977 Lause,
668 2920 815 2980 tropaeum

130 2984 263 3043 Aeneae?
304 2985 387 3057 dixit,
402 2987 626 3064 stridentemque
642 2985 753 3044 eminus
768 2985 876 3041 hastam

131 3065 222 3132 iecit3
243 3080 271 3122 at
285 3065 335 3124 illa
349 3068 447 3125 volans
462 3067 556 3144 clipeo
570 3084 612 3126 est
627 3073 752 3134 excussa,
768 3064 925 3142 proculque

131 3145 275 3220 egregium
289 3146 420 3208 Antoren
436 3148 508 3206 latus
523 3149 599 3206 inter
613 3163 642 3206 et
657 3146 706 3204 ilia
720 3145 790 3222 figit,

131 3226 267 3284 Herculis
281 3227 413 3286 Antoren
425 3229 572 3300 comitem,
586 3228 637 3306 qui
652 3227 751 3286 missus
766 3225 802 3282 ab
814 3225 897 3300 Argis

130 3308 255 3365 haeserat
270 3308 414 3380 Euandro,
428 3325 512 3388 atque
527 3310 599 3368 Itala
613 3307 780 3366 consederat
794 3307 873 3366 urbe.
960 3321 998 3372 780

221 3413 269 3463 754
287 3401 383 3462 insidiis,
395 3401 478 3452 iaculo.
514 3402 560 3465 756
578 3401 695 3449 cedebant.
730 3400 776 3462 769
794 3398 866 3447 hunc.
