2568 4138
267 369 314 422 ³54
539 357 566 405 P.
584 353 727 404 VERGILI
744 355 901 404 MARONIS

306 502 370 545 tum
384 483 480 543 studio
496 484 601 542 effusae
616 499 719 542 matres
733 498 762 542 et
776 483 878 558 vulgus
892 483 1037 542 inermum

306 566 486 644 invalidique
499 585 582 624 senes
597 580 688 623 turres
702 583 735 622 ac
751 579 828 622 tecta
842 563 994 622 domorum

305 647 443 706 obsedere
457 671 466 717 3
487 645 537 704 alii
551 645 640 723 portis
656 645 828 704 sublimibus
842 645 966 704 adstant.

347 743 376 786 at
391 729 468 785 Iuno
482 747 498 786 e
513 745 635 798 summo,
651 726 701 804 qui
717 745 797 784 nunc
811 725 942 784 Albanus
957 726 1132 798 habetur,—

307 823 370 867 tum
385 828 480 887 neque
495 827 603 865 nomen
619 822 678 866 erat
694 827 747 865 nec
762 809 852 865 honos
866 821 917 864 aut
931 807 1020 882 gloria
1031 809 1171 866 monti—

306 889 483 967 prospiciens
499 887 614 946 tumulo
630 905 767 965 campum
781 887 944 964 aspectabat
959 902 988 945 et
1003 888 1100 946 ambas

306 970 486 1028 Laurentum
501 969 674 1045 Troumque
690 969 765 1026 acies
780 968 939 1045 urbemque
954 968 1063 1027 Latini.

307 1051 454 1127 extemplo
469 1049 566 1108 Turni
581 1049 621 1107 sic
637 1064 679 1107 est
694 1049 787 1107 adfata
802 1069 938 1118 sororem,

307 1131 371 1189 diva
386 1131 480 1201 deam,
494 1129 599 1204 stagnis
615 1149 690 1208 quae
704 1128 931 1207 fluminibusque
946 1128 1054 1187 sonoris

306 1211 470 1289 praesidet,
491 1211 570 1270 hunc
585 1210 630 1268 illi
647 1229 696 1268 rex
713 1209 834 1268 aetheris
848 1210 923 1276 altus
938 1211 1080 1268 honorem
1139 1240 1175 1277 140

308 1291 440 1370 Iuppiter
455 1306 551 1369 erepta
565 1311 617 1368 pro
631 1291 797 1366 virginitate
812 1291 951 1348 sacravit:

288 1372 456 1449 ‘Nympha
471 1372 560 1430 decus
574 1369 740 1443 fluviorum,
755 1370 853 1429 animo
868 1371 1025 1446 gratissima
1040 1387 1146 1442 nostro,

308 1453 372 1523 seis,
387 1467 419 1509 ut
434 1467 462 1510 te
477 1452 591 1510 cunctis
608 1472 706 1522 unam,
721 1471 921 1530 quaecumque
937 1451 1059 1510 Latinae

308 1532 482 1608 magnanimi
499 1532 596 1590 Iovis'
588 1548 735 1607 ingratum
751 1533 904 1590 ascendere
919 1532 1025 1601 cubile,

308 1611 501 1690 praetulerim,
516 1611 649 1689 caelique
665 1613 759 1670 libens
774 1613 806 1671 in
821 1628 900 1690 parte
915 1613 1033 1670 locatim
1048 1635 1054 1670 :

309 1693 387 1751 disce
402 1707 494 1764 tuum,
510 1711 547 1750 ne
562 1711 608 1750 me
623 1691 749 1765 incuses,
766 1695 899 1764 Iuturna,
913 1693 1054 1751 dolorem.

309 1794 365 1852 qua
377 1772 437 1831 visa
452 1787 494 1831 est
509 1773 624 1832 fortuna
639 1773 699 1852 pati
717 1773 879 1852 Parcaeque
894 1774 1027 1832 sinebant

309 1855 410 1913 cedere
425 1875 469 1912 res
483 1853 577 1924 Latio,
593 1853 731 1912 Turnum
746 1870 776 1914 et
791 1871 840 1913 tua
855 1855 969 1913 moenia
983 1855 1042 1913 texi
1058 1877 1065 1913 ε

310 1955 389 1994 nunc
405 1935 539 1994 iuvenem
553 1934 701 2012 inparibus
716 1935 802 1994 video
818 1953 991 1994 concurrere
1005 1936 1080 2004 fatis,

311 2016 522 2094 Parcarumque
537 2015 598 2074 dies
614 2031 643 2073 et
658 2016 698 2073 vis
714 2015 837 2075 inimica·
846 2016 1033 2094 propinquat.
1141 2045 1177 2082 150

310 2117 369 2154 non
380 2115 506 2174 pugnarn
516 2095 641 2173 aspicere
653 2098 730 2154 hanc
741 2097 844 2189 oculis,
853 2117 912 2154 non
924 2097 1043 2155 foedera
1052 2117 1175 2175 possum.

311 2193 342 2236 tu
358 2197 409 2255 pro
423 2195 559 2252 germano
574 2176 684 2254 siquid
699 2176 875 2254 praesentius
891 2177 987 2249 audes,

310 2277 417 2335 perge3
438 2257 531 2316 decet.
574 2257 669 2316 forsan
685 2257 802 2316 miseros
817 2257 936 2316 meliora
950 2261 1128 2337 sequentur!

310 2339 359 2396 vix
374 2359 417 2408 ea,
432 2358 500 2397 cum
515 2337 645 2398 lacrimas
660 2330 753 2396 oculis
768 2339 889 2397 Iuturna
903 2339 1034 2432 profudit

311 2435 413 2497 terque
427 2434 585 2496 quaterque
601 2437 689 2476 manu
705 2434 805 2495 pectus
819 2420 959 2496 percussit
973 2423 1140 2480 honestum.

291 2507 299 2532 ‘
312 2520 371 2558 non
386 2499 510 2557 lacrimis
525 2500 581 2558 hoc
597 2499 738 2592 tempus‚’
746 2499 786 2557 ait
802 2500 934 2558 Saturnia
948 2502 1048 2569 Iuno;

293 2580 449 2651 ‘adcelera
465 2594 494 2638 et
508 2579 672 2662 fratrem,
651 2600 673 2637 ει
689 2580 753 2658 quis
768 2581 879 2652 modus,
895 2581 972 2658 eripe
987 2582 1098 2650 morti3

312 2676 361 2719 aut
376 2676 407 2719 tu
424 2660 499 2718 bella
513 2659 817 2739 cie„conceptumque
831 2677 937 2720 excute
952 2663 1065 2721 foedus.

311 2757 412 2800 auctor
427 2761 479 2816 ego
493 2739 638 2799 audendi!
680 2741 719 2799 sic
735 2743 884 2800 exhortata
898 2741 969 2800 reli
954 2743 1018 2800 uit

311 2821 451 2882 incertam
467 2836 497 2879 et
512 2820 585 2880 tristi
577 2820 739 2880 'tdtbatam
754 2822 874 2880 vulnere
889 2807 1007 2882 meniis.
1146 2845 1183 2883 160

353 2903 463 2961 interea
477 2921 566 2976 reges,
580 2901 692 2977 ingenti
707 2903 785 2961 mole
800 2903 920 2960 Latinus

312 2983 481 3060 quadriiugo
495 2982 610 3041 vehitur
624 3003 721 3054 curru,
735 2983 782 3042 cui
797 2998 928 3061 tempora
942 2983 1056 3044 ciram

313 3064 400 3122 aurati
416 3063 459 3121 bis
473 3083 521 3122 sex
537 3063 608 3122 radii
623 3063 765 3139 fulgentia
778 3064 911 3138 cingunt,

314 3142 387 3201 Solis
402 3143 446 3202 avi
462 3143 632 3222 specimen,
653 3144 749 3220 bigis'
740 3159 764 3202 tt
779 3141 922 3202 Turnus
913 3165 945 3203 in
959 3145 1043 3218 albis,

313 3223 381 3281 bina
395 3243 484 3282 manu
499 3225 558 3284 lato
572 3224 700 3302 crispans
714 3221 827 3284 hastilia
840 3224 927 3286 ferro.

313 3303 383 3362 hinc
397 3319 479 3381 pater
492 3306 614 3375 Aeneas,
630 3306 778 3364 Romanae
793 3303 888 3383 stirpis
903 3306 993 3382 origo,

602 3413 647 3460 142
665 3399 788 3449 caristima.
