2568 4114
414 1165 536 1228 LIBER
564 1167 766 1230 OCTAVUS

179 1312 231 1372 Ur
243 1304 352 1371 belli
331 1333 445 1390 signum
461 1313 601 1373 Laurenti
618 1307 739 1374 Turnus
754 1315 790 1374 ab
805 1334 871 1374 arce

178 1393 294 1466 extulit,
310 1408 340 1452 et
353 1415 440 1453 rauco
455 1407 643 1486 strepuerunt
657 1416 766 1454 cornua
780 1411 880 1468 cautu,

179 1489 269 1552 utque
284 1494 364 1533 acres
379 1469 525 1535 concussit
542 1495 639 1554 equos,
656 1491 748 1553 utque
762 1473 872 1554 inpulit
887 1495 976 1546 arma,

179 1553 326 1633 extemplo
342 1552 449 1614 turbati
464 1555 565 1628 animi,
581 1555 668 1614 simul
684 1575 771 1614 omne
787 1555 916 1617 tumultu

157 1651 158 1654 ’
178 1634 311 1695 coniurat
326 1635 440 1713 trepido
454 1636 575 1694 Latium
590 1636 740 1715 saevitque
755 1635 891 1696 iuventus

179 1714 274 1775 effera.
316 1717 450 1775 ductores
465 1712 552 1794 primi
545 1713 724 1796 Messapus
741 1731 770 1778 et
785 1715 883 1776 Ufens

177 1811 420 1890 contemptorque
436 1798 525 1858 deum
544 1795 714 1856 Mezentius
730 1796 860 1875 undique
876 1813 985 1874 cogunt

177 1876 293 1948 auxilia,
309 1893 338 1936 et
353 1879 426 1938 latos
442 1892 557 1937 vastant
573 1875 733 1936 cultoribus
748 1897 837 1954 agros.

176 1957 304 2018 mittitur
319 1974 348 2018 et
362 1978 459 2050 magni
451 1956 614 2016 Venulus
629 1955 780 2018 Diomedis
796 1958 832 2016 ad
847 1959 957 2030 urbem,

176 2038 227 2116 qui
242 2054 323 2117 petat
338 2038 489 2110 auxilium,
507 2052 537 2096 et
553 2037 648 2097 Latio
653 2033 810 2098 consistere
825 2036 967 2111 Teucros,
1026 2070 1051 2096 10

176 2119 330 2177 advectum
344 2115 467 2176 Aenean
485 2115 578 2190 classi,
594 2118 745 2197 victosque
761 2120 883 2179 Penates

176 2199 296 2278 inferre,
312 2214 341 2256 et
355 2198 422 2258 fatis
439 2219 536 2292 regem
554 2218 583 2257 se
599 2198 697 2258 dicere
711 2199 801 2278 posci,

176 2273 307 2352 edoceat,
321 2279 532 2358 multasque
506 2300 568 2338 vtro
584 2299 613 2338 se
628 2279 784 2356 adiungere
799 2295 899 2356 gentes

87 2391 98 2396 ·
176 2360 335 2434 Dardanio,
352 2376 381 2420 et
396 2355 455 2420 late
472 2360 558 2420 Latio
575 2355 787 2420 increbrescere
803 2381 921 2421 nomen.

176 2443 248 2521 quid
263 2457 354 2501 struat
368 2441 413 2500 his
430 2441 551 2534 coeptis,
569 2461 669 2534 quem3
683 2463 706 2500 ιι
698 2441 849 2500 Fortuna
863 2458 1010 2520 sequatur,

178 2538 317 2583 eventum
329 2543 446 2601 pugnae
463 2519 573 2601 cupiat,
591 2518 796 2616 manifestius
788 2522 843 2601 1psi

177 2624 266 2696 quam
279 2603 385 2663 Turno
400 2603 460 2680 regi
477 2618 527 2664 aut
543 2601 602 2680 regi
619 2625 636 2662 a
657 2623 757 2683 parere
771 2600 887 2663 Latino.

218 2683 286 2745 talia
299 2705 352 2763 per
367 2685 495 2744 Latium.
540 2705 615 2764 quae
632 2625 887 2744 [ιοιιιεᾶοιιιὶιιι
876 2687 960 2743 heros

177 2779 285 2824 cuncta
298 2764 400 2824 videns
415 2786 522 2842 magno
537 2785 673 2824 curarum
690 2764 812 2825 fluctuat
827 2782 917 2838 aestu,

178 2860 265 2924 atque
280 2845 410 2907 animum
425 2867 506 2905 nunc
521 2847 580 2906 huc
597 2847 733 2919 celerem,
750 2866 830 2904 nunc
845 2845 951 2904 dividit
968 2843 1049 2917 illuc,

177 2925 210 2985 in
223 2941 377 3006 partesque
391 2925 465 3006 rapit
479 2925 579 3000 varias,
593 2947 705 3006 perque
719 2925 818 2984 omnia
833 2942 949 2986 versat
1025 2954 1051 2984 ιι

179 3006 254 3067 sicut
268 3027 357 3086 aquae
373 3007 530 3068 tremulum
545 3006 632 3066 labris
649 3006 699 3066 ubi
716 3007 818 3100 lumen
834 3001 911 3065 aenis

179 3087 239 3146 sole
251 3107 452 3180 repercussum
467 3103 516 3147 aut
531 3087 692 3146 radiantis
684 3085 811 3164 imagine
827 3087 938 3161 Lunae,

178 3166 277 3226 omnia
290 3167 446 3246 pervolitat
462 3167 520 3228 late
535 3168 632 3241 loca,
624 3187 741 3247 tamque
756 3168 809 3227 sub
822 3189 904 3228 auras

179 3247 299 3324 erigitur
313 3247 476 3328 summique
490 3247 558 3307 ferit
573 3249 718 3342 laquearia
733 3249 814 3310 tecti

178 3349 237 3388 nox
253 3343 323 3402 erat,
339 3344 369 3388 et
383 3345 471 3390 terras
486 3327 623 3390 animalia
638 3330 752 3390 fessa
725 3351 777 3411 per
791 3350 892 3390 omnes

507 3442 537 3476 to
553 3427 678 3478 considere.
