2568 4138
258 361 304 424 360
527 359 555 409 P.
569 357 711 408 VERGILI
729 358 887 407 MARONIS

296 489 341 548 vel
356 490 488 548 conferre
502 507 621 546 manum
636 487 682 546 vel
698 507 772 580 equo
787 502 964 564 praevertere
979 503 1093 550 ventos.

296 585 378 649 parte
390 570 445 628 alia
460 569 553 628 media
569 567 732 627 Eumedes
724 587 755 624 ιιι
770 567 878 645 proelia
893 569 992 640 fertur,

296 652 407 744 antiqui
400 651 515 728 'proles
529 650 607 709 bello
621 648 762 726 praeclara
777 648 909 720 Dolonis,

296 731 415 790 nornine
430 751 515 790 avum
531 731 666 802 referens,
682 729 778 788 animo
795 729 984 808 manibusque
999 747 1163 808 parentem,

296 834 346 892 qur
338 813 515 891 quondam,
531 827 619 870 castra
635 826 667 869 ut
681 810 815 869 Danaum
830 811 992 887 speculator
1006 812 1111 884 adiret,

296 915 378 952 ausus
394 894 509 952 Pelidae
523 892 650 970 pretium
664 891 718 950 sibi
733 909 850 968 poscere
865 911 985 962 currus;
1125 924 1164 964 3⁵0

296 975 380 1033 illurn
395 974 526 1050 Tydides
541 972 597 1032 alio
610 994 662 1050 pro
678 972 783 1030 talibus
796 971 869 1030 ausis

296 1055 403 1114 adfecit
416 1055 519 1132 pretio,
534 1074 589 1112 nec
604 1053 685 1131 equis
698 1053 821 1130 adspirat
834 1053 968 1112 Achillis.

296 1138 375 1194 hunc
389 1136 490 1212 procul
507 1149 539 1192 ut
552 1153 654 1211 campo
669 1135 788 1192 Turnus
802 1133 949 1211 prospexit
963 1150 1072 1211 aperto,

295 1232 361 1286 ante
376 1216 432 1274 levi
447 1215 542 1274 iaculo
556 1215 674 1290 longum
689 1235 740 1292 per
754 1215 840 1272 inane
855 1229 979 1285 secutus,

296 1297 368 1355 sistit
383 1316 471 1374 equos
486 1296 595 1371 biiuges
609 1311 638 1354 et
652 1316 736 1355 curru
751 1295 856 1366 desilit,
872 1309 958 1372 atque

295 1377 456 1436 semianimi
472 1377 608 1455 lapsoque
623 1375 795 1454 supervenit,
811 1391 849 1446 et,
864 1374 937 1453 pede
952 1375 1028 1434 collo

295 1458 433 1534 inpresso,
445 1457 563 1516 dextrae
577 1475 745 1515 mucronem
760 1471 912 1534 extorquet
926 1471 955 1514 et
969 1456 1028 1514 alto

295 1537 455 1612 fulgentem
470 1537 577 1611 tinguit
591 1537 692 1612 iugulo
706 1552 791 1614 atque
806 1537 899 1594 haec
891 1556 1010 1629 rnsuper
1023 1537 1104 1596 addit
1118 1561 1125 1596 :

276 1624 341 1686 ‘em
356 1636 444 1692 agros,
459 1632 497 1688 et,
512 1635 599 1695 quam
615 1616 700 1688 bello,
716 1616 855 1688 Troiane,
869 1616 976 1694 petisti,

295 1696 465 1775 Hesperiam
480 1696 582 1756 metire
596 1697 712 1755 iacens:
734 1698 805 1756 haec
819 1697 954 1790 praemia,
970 1697 1020 1776 qui
1036 1718 1083 1756 me
1123 1717 1161 1768 360
1202 1696 1205 1702 ‘

295 1778 369 1836 ferro
383 1777 442 1836 ausi
458 1793 608 1855 temptare,
622 1777 744 1849 ferunt;
763 1778 803 1836 sic
819 1778 933 1837 moenia
947 1778 1098 1839 condunt'

293 1859 362 1918 huic
378 1859 514 1918 comitem
527 1858 657 1935 Asbyten
672 1859 804 1918 coniecta
818 1859 936 1936 cuspide
951 1858 1052 1930 mittit,

296 1939 479 2018 Chloreaque
494 1938 682 2017 Sybarimque
693 1938 857 2017 Daretaque
873 1939 1158 2019 Thersilochumque

294 2036 324 2078 et
338 2021 472 2078 sternacis
487 2019 553 2096 equi
570 2019 680 2097 lapsum
695 2019 806 2078 cervice
822 2020 1018 2096 Thymoeten.

293 2121 326 2158 ae
340 2101 419 2159 velut
434 2099 527 2158 Edoni
544 2100 653 2159 Boreae
667 2119 735 2158 curn
749 2100 864 2177 spiritus
878 2100 938 2158 alto

293 2181 406 2238 insonat
420 2180 542 2255 Aegaeo,
558 2180 743 2258 sequiturque
760 2181 796 2238 ad
811 2181 894 2240 litora
908 2181 1036 2250 fluctus,
1028 2207 1035 2220 ·

293 2282 349 2353 qua
362 2261 442 2319 venti
457 2261 625 2332 incubuere,
640 2262 736 2336 fugam
751 2261 821 2320 dant
837 2261 936 2321 nubila
951 2263 1054 2336 caelo:

293 2342 332 2399 sic
348 2340 462 2413 Turno,
478 2361 660 2420 quacumque
674 2341 748 2399 viam
764 2358 850 2413 secat,
865 2343 979 2419 agmina
994 2345 1104 2404 cedunt

292 2441 502 2501 conversaeque
518 2437 607 2481 ruunt
621 2421 716 2492 acies3
738 2423 817 2482 fert'
810 2440 934 2501 rmpetus
948 2425 1055 2503 ipsum,

293 2517 322 2560 et
337 2504 451 2561 cristam
466 2501 581 2561 adverso
595 2523 680 2561 curru
696 2503 788 2580 quatit
803 2525 869 2562 aura
883 2505 1040 2566 volantem.
1122 2537 1159 2576 370

292 2603 352 2641 non
368 2582 458 2642 tulit
450 2597 605 2641 instantem
622 2584 751 2658 Phegeus
766 2584 926 2663 animisque
940 2587 1138 2656 frementem,

292 2664 398 2723 obiecit
413 2682 471 2721 sese
484 2663 521 2721 ad
535 2683 651 2723 currum
666 2678 696 2722 et
711 2666 873 2741 spumantia
888 2666 975 2724 frenis

291 2765 339 2802 ora
354 2745 507 2802 citatorum
522 2744 621 2802 dextra
635 2744 755 2803 detorsit
770 2766 918 2824 equorum.

290 2825 361 2883 dum
376 2825 497 2884 trahitur
510 2824 677 2902 pendetque
691 2825 775 2902 iugis,
790 2829 868 2885 hunc
884 2827 939 2886 lata
954 2843 1101 2890 retectum

291 2906 390 2964 lancea
405 2905 599 2982 consequitur,
614 2905 781 2984 rumpitque
796 2907 884 2966 infixa
898 2908 1018 2967 bilicem

290 2985 419 3055 loricam,
435 3001 465 3044 et
479 3005 623 3044 summum
638 2986 768 3062 degustat
781 2988 900 3046 vulnere
915 3009 1029 3066 corpus.

290 3065 342 3123 ille
358 3081 455 3124 tamen
470 3066 566 3143 clipeo
580 3065 694 3125 obiecto
709 3087 859 3126 conversus
874 3068 905 3126 in
920 3070 1035 3129 hostem

290 3145 358 3217 ibat,
375 3161 404 3203 et
419 3146 560 3205 auxilium
574 3147 663 3206 ducto
678 3167 815 3206 mucrone
829 3150 968 3225 petebat3

289 3245 357 3287 eum
372 3241 433 3284 rota
446 3227 634 3304 praecipitem
650 3244 680 3286 et
694 3248 830 3306 procursu
846 3230 979 3289 concitus
992 3231 1055 3290 axis

288 3305 398 3383 inpulit
414 3307 596 3385 effunditque
612 3308 680 3379 solo,
697 3309 873 3386 Turnusque
888 3325 1003 3370 secutus

607 3401 652 3464 356
670 3404 795 3464 elapsoque.
