2562 4114
427 363 593 411 AENEIDOS
611 363 674 410 LIB.
694 363 746 411 XII
992 360 1037 424 365

175 505 225 549 aut
240 490 289 549 ubi
304 491 425 549 decursu
440 490 538 584 rapido
552 491 588 549 de
603 491 749 550 montibus
763 492 827 550 altis

175 572 245 630 dant
259 572 386 630 sonitum
401 572 526 650 spumosi
540 592 648 645 amnes,
664 573 738 630 etin
753 593 875 665 aequora
890 589 1010 632 currunt

176 652 297 730 quisque
311 672 395 710 suum
409 653 584 730 populatus'
576 668 649 712 tter:
671 673 730 712 non
745 653 858 729 segnius
872 653 956 712 ambo

174 734 288 792 Aeneas
301 733 478 811 Turnusque
493 748 582 792 ruunt
596 753 649 812 per
662 734 791 812 proelia3
812 754 901 807 nunc,
916 755 996 793 nunc

175 812 318 871 fluctuat'
311 833 351 871 rra
366 813 462 882 intus3
470 831 659 907 rumpuntur
673 815 769 872 nescia
783 813 860 872 vinci

174 909 309 972 pectora;
330 914 408 952 nunc
424 895 490 952 totis
506 895 536 953 in
551 896 669 954 vulnera
682 895 812 953 viribus
804 910 872 954 rtur.

177 975 351 1034 Murranum
365 975 424 1046 hic,
437 991 531 1034 atavos
547 991 575 1034 et
589 995 706 1034 avorum
721 975 838 1053 antiqua
853 991 1004 1034 sonantem

175 1055 302 1127 nomina,
317 1077 368 1133 per
382 1075 519 1133 regesque
534 1072 631 1115 actum
644 1076 734 1132 genus
749 1076 835 1114 omne
849 1055 977 1124 Latinos,
1002 1083 1040 1124 ⁵30

174 1135 362 1213 praecipitem
377 1136 495 1213 scopulo
509 1151 596 1214 atque
610 1136 735 1212 ingentis
750 1136 866 1196 turbine
881 1135 939 1194 saxi

175 1216 286 1274 excutit
301 1217 482 1294 effunditque
497 1217 575 1285 solo;
595 1219 674 1276 hunc
689 1217 749 1276 lora
764 1232 793 1275 et
807 1217 873 1292 iuga
887 1216 986 1274 subter

174 1296 339 1374 provolvere
354 1312 449 1362 rotae;
471 1297 571 1356 crebro
585 1318 670 1375 super
685 1298 791 1374 ungula
804 1298 890 1375 pulsu

174 1377 263 1435 incita
278 1396 332 1436 nec
347 1377 458 1435 domini
475 1397 636 1436 memorum
651 1379 799 1456 proculcat
814 1397 964 1456 equorum.

173 1457 225 1516 ille
240 1457 337 1517 ruenti
353 1458 446 1535 Hyllo
461 1459 623 1537 animisque
637 1459 753 1517 inmane
769 1459 904 1517 frementi

173 1539 306 1606 occurrit,
323 1539 474 1616 telumque
489 1555 585 1596 aurata
600 1540 636 1597 ad
648 1554 776 1616 tempora
791 1554 923 1617 torquet:

173 1618 223 1677 olli
238 1639 290 1696 per
303 1618 413 1694 galeam
429 1618 486 1677 fixo
502 1619 581 1678 stetit
596 1621 674 1678 hasta
688 1620 815 1678 cerebro.

172 1699 288 1758 dextera
302 1719 356 1758 nec
372 1714 420 1756 tua
436 1714 475 1770 te,
492 1699 615 1758 Graium
631 1699 796 1770 fortissime,
811 1700 952 1770 Cretheu,

173 1780 279 1857 eripuit
294 1779 398 1838 Turno
407 1802 417 1845 ;
438 1799 492 1838 nec
508 1780 537 1837 di
553 1795 651 1837 texere
667 1779 851 1857 Cupencum,

172 1861 270 1920 Aenea
284 1859 430 1928 veniente,
445 1858 509 1926 sui;
530 1859 611 1917 dedit
625 1858 707 1916 obvia
721 1859 796 1916 ferro
1003 1889 1040 1928 540

173 1955 298 2018 pectora,
312 1958 366 1997 nec
383 1938 486 1996 misero
501 1938 590 2016 clipei
606 1957 684 1996 mora
699 1938 809 2015 profuit
822 1939 904 1997 aeris.

173 2035 201 2078 tc
216 2040 331 2098 quoque
345 2019 505 2077 Laurentes
520 2018 665 2090 viderunt,
679 2019 780 2091 Aeole,
796 2019 889 2096 campi

173 2115 309 2177 oppetere
325 2114 353 2157 et
368 2099 424 2157 late
440 2114 543 2158 terram
559 2114 742 2156 consternere
757 2115 836 2174 tergo
844 2123 854 2166 3

173 2180 289 2250 occidis,
303 2179 424 2254 Argivae
438 2199 527 2257 quem
543 2200 602 2237 non
618 2194 738 2256 potuere
752 2180 905 2257 phalanges
992 2237 994 2241 ,

174 2277 309 2331 sternere,
323 2279 376 2318 nec
393 2258 499 2317 Priami
515 2279 669 2336 regnorum
685 2279 794 2318 eversor
807 2261 954 2328 Achilles3

172 2341 220 2400 hic
235 2340 287 2398 tibi
302 2340 401 2399 mortis
418 2355 498 2398 erant
514 2355 618 2411 metae,
633 2339 733 2398 domus
748 2341 803 2399 alta
818 2341 871 2398 sub
885 2342 944 2413 Ida,

172 2421 292 2499 Lyrnesi
307 2422 408 2480 domus
423 2421 487 2493 alta,
504 2421 564 2480 solo
578 2422 724 2479 Laurente
739 2421 933 2499 sepulchrum.

173 2517 248 2561 totae
262 2503 332 2560 adeo
346 2523 497 2561 conversae
513 2502 599 2572 acies,
613 2521 770 2580 omnesque
786 2501 892 2572 Latini,

173 2603 271 2642 omnes
286 2582 476 2655 Dardanidae,
494 2583 668 2641 Mnestheus
683 2602 805 2660 acerque
821 2583 947 2641 Serestus

173 2680 201 2722 et
217 2665 366 2742 Messapus
381 2684 489 2741 equum
505 2663 631 2722 domitor
646 2679 675 2721 ct
690 2663 768 2722 fortis
781 2663 872 2722 Asilas
1001 2692 1039 2732 ⁵50

174 2745 394 2838 Tuscorumque
409 2745 533 2838 phalanx
551 2744 738 2837 Euandrique
752 2744 877 2802 Arcades
890 2744 959 2814 alae,

172 2847 224 2903 pro
238 2846 267 2883 se
282 2825 404 2904 quisque
418 2825 472 2882 viri
488 2845 598 2884 summa
613 2825 748 2883 nituntur
762 2844 851 2917 opum
864 2825 911 2883 vi:

173 2926 226 2965 nec
242 2926 328 2978 mora,
344 2927 398 2964 nec
413 2905 544 2984 requies,
564 2921 643 2964 vasto
658 2904 816 2964 certamine
831 2906 965 2965 tendunt.

213 2987 260 3044 hic
276 3002 403 3045 mentem
418 2988 532 3044 Aeneae
547 2987 679 3062 genetrix
694 2985 887 3064 pulcherrima
902 2986 989 3057 misit,

173 3067 227 3126 iret
242 3082 274 3126 ut
288 3066 324 3125 ad
338 3087 442 3139 muros,
459 3067 581 3144 urbique
596 3067 754 3124 adverteret
768 3085 870 3142 agmen

172 3148 252 3207 ocius
268 3162 297 3206 et
312 3147 404 3206 subita
420 3148 547 3206 turbaret
561 3147 642 3205 clade
658 3147 784 3206 Latinos.

172 3228 233 3299 ille,
248 3244 281 3286 ut
294 3228 434 3303 vestigans
449 3227 557 3286 diversa
571 3247 623 3304 per
636 3226 748 3302 agmina
764 3228 900 3288 Turnum

172 3311 229 3367 huc
245 3323 332 3386 atque
346 3310 403 3367 huc
418 3309 493 3368 acies
506 3307 694 3378 circumtulit,
709 3307 810 3385 aspicit
826 3309 925 3368 urbem

172 3388 324 3450 inmunem
340 3389 414 3448 tanti
428 3389 498 3450 belli
512 3404 599 3467 atque
613 3387 723 3466 inpune
738 3389 874 3466 quietam.
