2568 4114
257 310 302 360 180
529 307 555 355 Ρ.
573 305 718 355 VERGILI
735 305 894 354 MARONIS

296 451 359 496 tum
373 436 437 514 pius
451 437 584 496 Aeneas:
607 436 759 515 ‘equidem
774 435 814 496 sic
828 457 948 514 poscere
962 451 1065 498 ventos

295 517 465 578 iamdudum
481 533 510 576 et
524 518 629 577 frustra
643 538 732 576 cerno
746 533 776 576 te
790 519 911 578 tendere
925 532 1036 578 contra.

295 597 382 658 flecte
396 599 473 658 viam
488 598 569 658 velis.
611 619 648 657 an
663 599 699 658 sit
714 598 786 658 mihi
801 599 908 676 gratior
923 599 991 672 ulla,

295 699 390 759 quove
405 679 494 756 magis
509 680 595 738 fessas
610 695 709 756 optem
723 679 879 739 demittere
894 700 991 753 naves,

296 781 383 840 quam
397 781 472 840 quae
485 759 669 819 Dardanium
685 760 770 819 tellus
785 760 857 818 mihi
872 776 966 820 servat
979 761 1117 835 Acesten,
1138 791 1167 832 ³0

296 857 326 900 et
339 841 428 920 patris
443 840 589 900 Anchisae
603 840 713 917 gremio
728 840 934 919 complectitur
947 841 1043 901 ossa?

294 926 366 982 haec
382 921 431 982 ubi
446 921 534 993 dicta,
550 936 656 1000 petunt
669 936 779 1000 portus,
795 936 825 980 et
838 922 902 980 vela
916 921 1037 981 secundi

295 1003 456 1062 intendunt
471 1003 623 1081 Zephyri;
643 1002 736 1062 fertur
751 1003 808 1062 cita
822 1003 933 1078 gurgite
948 1002 1053 1075 classis,

296 1099 326 1144 et
340 1083 459 1144 tandem
474 1082 543 1143 laeti
559 1099 646 1142 notae
660 1082 852 1142 advertuntur
865 1085 999 1142 harenae.

335 1180 365 1224 at
378 1164 480 1243 procul
496 1165 611 1224 excelso
625 1164 745 1223 miratus
759 1163 869 1223 vertice
883 1163 990 1223 montis

295 1247 454 1305 adventum
468 1245 617 1324 sociasque
631 1261 706 1304 rates
720 1243 847 1304 occurrit
861 1245 991 1319 Acestes,

293 1327 428 1385 horridus
442 1326 474 1385 in
489 1325 590 1384 iaculis
606 1340 635 1384 et
648 1326 726 1403 pelle
741 1324 900 1402 Libystidis
914 1345 1014 1395 ursae;

295 1408 386 1465 Troia
402 1405 529 1466 Crimiso
543 1421 720 1484 conceptum
735 1406 857 1466 flumine
871 1421 963 1465 mater
1036 1433 1037 1436 ¹

295 1507 382 1566 quem
396 1485 507 1564 genuit.
549 1501 680 1545 veterum
696 1507 756 1545 non
771 1487 915 1546 inmemor
930 1486 979 1545 ille
993 1501 1149 1564 parentum

294 1584 422 1644 gratatur
436 1568 556 1626 reduces
572 1582 601 1625 et
615 1587 683 1642 gaza
698 1568 790 1626 laetus
804 1567 907 1644 agresti
1137 1596 1164 1636 40

295 1647 414 1726 excipit,
430 1668 463 1706 ac
478 1649 565 1706 fessos
581 1647 683 1726 opibus
698 1649 806 1707 solatur
820 1647 929 1707 amicis.

334 1744 448 1807 postera
463 1749 530 1788 cum
543 1729 638 1806 primo
653 1729 749 1790 stellas
763 1728 876 1788 oriente
890 1729 1001 1804 fugarat

296 1810 371 1868 clara
386 1810 457 1882 dies,
473 1809 564 1868 socios
580 1810 611 1867 in
627 1824 744 1869 coetum
759 1808 844 1869 litore
859 1810 894 1869 ab
909 1809 990 1868 omni

262 1951 265 1958 ,
296 1891 417 1950 advocat
430 1892 553 1963 Aeneas,
570 1891 735 1969 tumulique
750 1911 785 1949 ex
800 1910 901 1969 aggere
915 1891 1010 1949 fatur:

276 1970 480 2029 ‘Dardanidae
495 1971 602 2046 magni,
617 1991 707 2048 genus
722 1971 782 2029 alto
797 1992 812 2028 a
827 1970 966 2047 sanguine
981 1970 1089 2044 divom,

296 2071 408 2109 annuus
424 2051 531 2109 exactis
547 2052 710 2130 completur
724 2051 872 2110 mensibus
887 2050 983 2124 orbis,
1109 2051 1112 2057 ’

296 2151 331 2189 ex
347 2151 404 2209 quo
418 2131 554 2209 reliquias
568 2131 720 2212 divinique
734 2153 796 2190 ossa
809 2132 938 2210 parentis

295 2211 478 2271 condidimus
494 2228 578 2286 terra,
593 2229 772 2292 maestasque
787 2213 959 2272 sacravimus
974 2233 1044 2272 aras.

295 2293 410 2371 iamque
425 2293 495 2366 dies,
512 2293 566 2351 nisi
582 2294 676 2366 fallor,
692 2294 781 2366 adest,
793 2314 881 2373 quem
892 2314 1005 2372 semper
1015 2291 1161 2365 acerbum,

295 2393 407 2452 semper
420 2376 605 2446 honoratum,
620 2373 662 2432 sic
676 2373 706 2431 di
722 2374 862 2447 voluistis,
877 2374 1000 2433 habebo.
1136 2401 1163 2440 50

293 2457 372 2514 hunc
388 2474 441 2530 ego
456 2455 590 2514 Gaetulis
605 2474 719 2530 agerem
734 2454 756 2513 si
773 2455 903 2533 Syrtibus
919 2453 1008 2528 exsul,

293 2535 465 2611 Argolicove
480 2535 551 2593 mari
567 2534 735 2612 deprensus,
751 2550 780 2594 et
796 2536 866 2594 urbe
881 2536 1038 2613 Mycenae,

294 2617 471 2675 annua'vota
487 2631 585 2675 tamen
600 2616 812 2695 sollemnesque
827 2615 930 2674 ordine
944 2636 1063 2694 pompas

294 2716 474 2774 exsequerer,
489 2712 688 2776 strueremque
703 2697 760 2756 suis
776 2697 876 2756 altaria
890 2695 985 2756 donis.

294 2797 373 2836 nunc
389 2778 465 2836 ultro
479 2777 516 2836 ad
530 2777 642 2836 cineres
657 2778 746 2856 ipsius
761 2793 790 2837 et
804 2799 865 2836 ossa
880 2776 1016 2855 parentis,

293 2858 372 2916 haud
387 2857 522 2936 equidem
537 2858 600 2916 sine
615 2874 714 2918 mente
729 2879 802 2932 reor,
817 2857 879 2916 sine
895 2857 1016 2917 numine
1030 2856 1139 2938 divom,

295 2935 437 3012 adsumus,
453 2953 482 2998 et
496 2955 596 3016 portus
611 2938 700 2997 delati
715 2939 856 2997 intramus
871 2937 988 2998 amicos.

295 3037 361 3093 ergo
376 3017 461 3094 agite,
476 3035 506 3078 et
520 3019 629 3078 laetum
645 3019 744 3079 cuncti
760 3019 939 3078 celebremus
954 3021 1097 3077 honorem
1106 3043 1116 3088 ;

292 3117 444 3174 poscamus
458 3114 570 3173 ventos,
585 3116 673 3178 atque
686 3101 763 3164 haec
774 3119 821 3158 me
836 3120 915 3158 sacra
930 3098 1086 3178 quotannis

293 3178 363 3236 urbe
378 3178 450 3237 velit
463 3179 557 3257 posita
572 3179 688 3257 templis
703 3179 757 3238 sibi
772 3180 848 3238 ferre
863 3178 975 3240 dicatis.
1136 3195 1162 3237 ⁶0

293 3257 361 3317 bina
377 3259 465 3318 boum
480 3259 560 3318 vobis
577 3259 669 3318 Troia
683 3275 835 3336 generatus
849 3262 969 3320 Acestes
1025 3328 1029 3334 ⁴

532 3363 560 3414 35
579 3355 686 3403 excelso.
721 3365 752 3416 52
769 3352 885 3417 Mycenis.
