2558 4112
398 377 567 428 AENEIDOS
584 379 648 429 ΜΒ.
664 379 704 427 111

135 505 263 587 inplevit
277 507 405 566 clamore
420 506 527 568 locum.
569 507 618 567 vix
632 528 725 587 pauca
740 508 850 568 furenti

136 588 249 648 subicio
264 603 295 646 et
309 587 377 646 raris
393 588 522 647 turbatus
536 588 656 648 vocibus
671 589 774 649 hisco:

116 669 201 729 ‘vivo
216 667 363 748 equidem,
377 666 526 748 vitamque
542 683 671 729 extrema
684 690 736 748 per
750 669 848 730 omnia
862 670 958 742 duco;

137 771 175 810 ne
189 748 302 822 dubita,
318 767 386 808 nam
399 769 467 808 vera
481 749 572 809 vides.

135 831 216 891 heu!
240 829 303 909 quia
319 844 348 888 te
363 849 442 888 casus
458 830 603 891 deiectam
617 831 740 908 coniuge
756 846 838 892 tanto

138 911 257 990 excipit,
272 924 323 970 aut
336 931 411 989 quae
426 911 513 987 digna
527 911 593 971 satis
609 913 725 973 fortuna
739 913 859 972 revisit?

138 990 278 1050 Hectoris
291 991 499 1051 Andromache
515 991 648 1070 Pyrrhin’
662 993 787 1053 conubia
802 1013 895 1053 servas
906 993 936 1051 l’

137 1071 247 1132 deiecit
260 1073 376 1132 vultum
391 1088 421 1131 et
435 1072 558 1132 demissa
571 1093 644 1133 voce
659 1075 756 1134 locuta
772 1088 815 1133 est
829 1096 837 1134 :
973 1104 1009 1142 φο

119 1160 154 1212 ‘o
169 1153 242 1212 felix
260 1173 318 1212 una
333 1168 402 1212 ante
417 1153 484 1212 alias
501 1153 642 1214 Priameia
655 1154 744 1231 virgo,

138 1233 277 1293 hostilem
291 1233 328 1294 ad
343 1234 489 1293 tumulum
505 1234 613 1294 Troiae
628 1235 681 1295 sub
695 1235 846 1294 moenibus
861 1234 926 1294 altis
969 1295 971 1304 s

138 1315 213 1374 iussa
228 1313 312 1387 mori,
328 1335 402 1395 quae
417 1314 533 1374 sortitus
548 1336 608 1374 non
622 1315 744 1394 pertulit
758 1315 833 1375 ullos

140 1416 195 1455 nec
209 1394 327 1454 victoris
343 1394 384 1454 eri
401 1394 498 1472 tetigit
513 1396 627 1474 captiva
641 1396 759 1456 cubile!

141 1497 192 1534 nos
206 1476 300 1554 patria
314 1475 434 1535 incensa
449 1475 562 1535 diversa
576 1498 630 1555 per
643 1497 766 1556 aequora
780 1491 883 1536 vectae

141 1557 235 1635 stirpis
248 1556 403 1616 Achilleae
419 1556 508 1616 fastus
523 1557 719 1636 iuvenemque
734 1558 899 1636 superbum,

141 1637 258 1696 servitio
274 1637 387 1712 enixae,
403 1637 544 1710 tulimus3
565 1638 615 1717 qui
630 1639 738 1698 deinde
752 1653 867 1697 secutus

141 1718 286 1778 Ledaeam
302 1718 489 1778 Hermionen
506 1719 811 1797 Lacedaemoniosque
826 1721 1003 1796 hymenaeos

141 1819 187 1858 me
199 1798 310 1858 famulo
322 1797 522 1878 famulamque
535 1800 655 1859 Heleno
667 1799 825 1859 transmisit
835 1799 1011 1858 habendam.

142 1895 183 1938 ast
196 1877 283 1938 illum
298 1895 416 1958 ereptae
430 1900 537 1956 magno
552 1879 715 1939 flammatus
728 1899 826 1938 amore
974 1909 1013 1947 330

142 1961 271 2037 coniugis
287 1976 317 2019 et
331 1961 474 2020 scelerum
490 1960 583 2020 Furiis
598 1960 720 2038 agitatus
736 1962 854 2019 Orestes

145 2041 252 2120 excipit
266 2040 418 2102 incautum
433 2041 598 2120 patriasque
613 2043 769 2101 obtruncat
782 2042 820 2101 ad
834 2062 905 2101 aras.

144 2139 236 2182 morte
250 2122 442 2202 Neoptolemi
459 2142 615 2198 regnorum
629 2122 742 2181 reddita
757 2122 842 2182 cessit

144 2225 206 2282 pars
221 2203 352 2277 Heleno,
367 2203 418 2282 qui
433 2202 584 2262 Chaonios
598 2203 773 2279 cognomine
788 2223 905 2281 campos

146 2285 366 2364 Chaoniamque
381 2303 501 2344 omnem
517 2283 680 2342 Troianos
696 2283 819 2342 Chaone
833 2283 918 2355 dixit,

147 2365 340 2446 Pergamaque
354 2365 535 2443 Iliacamque
550 2364 623 2441 iugis
637 2365 713 2423 hanc
728 2363 842 2423 addidit
856 2382 962 2422 arcem.

146 2447 194 2505 sed
209 2446 263 2506 tibi
278 2446 327 2526 qui
343 2466 457 2505 cursum
473 2446 565 2519 venti,
581 2466 655 2523 quse
669 2445 728 2504 fata
743 2444 872 2503 dedere?

146 2543 193 2586 aut
208 2527 341 2606 quisnam
356 2521 488 2603 ignarum
504 2525 609 2586 nostris
623 2526 694 2584 deus
708 2524 822 2604 appulit
836 2523 915 2582 oris?

146 2608 215 2686 quid
228 2629 302 2688 puer
316 2607 480 2668 Ascanius?
500 2621 656 2686 superatne
671 2621 701 2666 et
714 2605 840 2665 vescitur
856 2608 946 2663 aura?

146 2709 232 2766 quem
247 2687 301 2748 tibi
317 2687 374 2748 iam
390 2687 524 2747 Troia-
977 2713 1016 2753 3⁴0

148 2789 237 2848 ecqua
252 2784 351 2828 tamen
365 2789 457 2848 puero
473 2784 517 2828 est
530 2769 649 2829 amissae
664 2789 732 2828 cura
746 2765 898 2846 parentis?
1043 2775 1046 2782 '

147 2849 251 2929 ecquid
265 2849 297 2909 in
312 2849 463 2930 antiquam
478 2850 617 2910 virtutem
631 2849 800 2926 animosque
814 2845 913 2905 viriles

147 2945 177 2989 et
190 2945 273 3008 pater
286 2932 402 2990 Aeneas
418 2945 447 2989 et
462 2929 623 2990 avunculus
638 2929 746 2989 excitat
760 2929 875 2987 Hector
886 2927 915 2986 i’

147 3011 214 3070 talia
229 3010 374 3070 fundebat
388 3010 542 3070 lacrimans
556 3011 716 3088 longosque
729 3009 825 3068 ciebat

146 3090 291 3151 incassum
305 3090 400 3164 fletus,
416 3112 483 3151 cum
498 3111 559 3151 sese
573 3113 589 3150 a
603 3090 756 3150 moenibus
771 3092 855 3148 heros

147 3171 307 3230 Priamides
322 3172 423 3230 multis
438 3173 574 3231 Helenus
588 3169 796 3230 comitantibus
810 3170 905 3229 adfert

146 3251 357 3331 adgnoscitque
370 3273 435 3312 suos
449 3254 599 3331 laetusque
614 3251 648 3310 ad
663 3250 766 3310 limina
780 3250 872 3323 ducit,

146 3347 176 3391 et
190 3333 319 3393 multum
333 3333 466 3392 lacrimas
480 3334 567 3392 verba
581 3332 660 3391 inter
673 3331 785 3407 singula
799 3331 908 3390 fundit.

185 3439 232 3490 319
249 3426 441 3477 Andromachen.
475 3441 523 3491 330
539 3426 708 3476 miiammatus.
743 3424 789 3488 348
807 3425 938 3474 lamimans.
