2568 4114
258 383 305 430 2⁶⁶
529 379 556 428 Ρ.
573 375 715 426 VERGILI
734 377 890 426 MARONIS

298 526 326 568 et
341 509 476 568 matutini
491 508 642 567 volucrum
657 507 709 566 sub
725 506 854 566 culmine
869 523 979 567 cantus.

297 590 444 666 consurgit
458 589 563 661 senior,
578 588 738 666 tunicaque
751 589 900 648 inducitur
914 604 999 659 artus,

297 688 326 730 et
342 671 494 747 Tyrrhena
508 671 615 748 pedum
630 670 792 728 circumdat
805 669 921 728 vincula
934 669 1061 748 plantis;

297 768 358 811 tum
374 752 456 811 lateri
471 767 558 829 atque
574 743 679 809 umeris
696 751 865 826 Tegeaeum
880 750 1002 827 subligat
1016 770 1126 821 ensem,

296 833 416 892 demissa
432 833 467 890 ab
483 833 564 890 laeva
579 833 735 908 pantherae
751 847 828 906 terga
842 845 1018 909 retorquens.
1126 851 1170 900 460

296 934 350 973 nec
366 935 424 972 non
440 929 469 972 et
483 913 593 990 gemini
610 913 741 971 custodes
757 912 858 970 limine
873 912 908 970 ab
922 913 980 970 alto

296 995 473 1073 praecedunt
487 1013 673 1071 gressumque
689 1013 774 1051 canes
790 992 963 1051 comitantur
977 992 1088 1053 erilem.

296 1076 415 1155 hospitis
429 1077 547 1134 Aeneae
563 1075 659 1133 sedem
676 1090 704 1132 et
718 1090 826 1132 secreta
839 1074 955 1152 petebat

296 1176 462 1216 sermonum
477 1176 587 1215 memor
603 1171 631 1214 et
646 1155 775 1233 promissi
789 1154 914 1213 muneris
928 1155 1019 1214 heros.

296 1258 350 1296 nec
365 1237 461 1296 minus
475 1238 587 1295 Aeneas
603 1257 633 1295 se
648 1236 808 1294 matutinus
823 1235 932 1312 agebat.

296 1318 372 1377 lilius
385 1318 455 1376 huic
471 1318 571 1387 Pallas,
588 1317 632 1375 illi
648 1336 743 1375 comes
758 1317 817 1374 ibat
831 1317 967 1375 Achates.

296 1399 436 1474 congressi
452 1398 577 1473 iungunt
593 1398 715 1468 dextras,
729 1397 887 1474 mediisque
901 1396 1031 1455 residunt

296 1479 421 1549 aedibus,
437 1494 466 1537 et
481 1478 563 1536 licito
580 1479 696 1537 tandem
711 1497 840 1536 sermone
855 1477 999 1537 fruuntur.

296 1580 347 1618 rex
361 1558 437 1636 prior
452 1560 523 1616 haec
538 1579 546 1617 ι

278 1640 422 1698 ‘maxime
435 1641 620 1699 Teucrorum
632 1638 745 1712 ductor,
757 1659 815 1718 quo
826 1639 929 1718 sospite
941 1657 1102 1717 numquam
1127 1669 1168 1708 4⁷0

297 1742 339 1779 res
354 1721 488 1799 equidem
504 1719 611 1778 Troiae
627 1719 716 1779 victas
731 1736 780 1780 aut
793 1739 879 1795 regna
894 1720 1014 1790 fatebor,

297 1801 379 1860 nobis
394 1802 430 1860 ad
443 1801 513 1860 belli
529 1800 671 1860 auxilium
686 1821 738 1878 pro
751 1800 869 1859 nomine
884 1816 965 1860 tanto

299 1883 417 1959 exiguae
431 1882 526 1941 vires:
548 1881 618 1941 hinc
635 1883 735 1940 Tusco
750 1881 912 1940 claudimur
925 1881 1013 1952 amni,

298 1964 367 2022 hinc
384 1964 510 2022 Rutulus
525 1963 640 2040 premit,
657 1977 686 2022 et
701 1982 816 2021 murum
831 1961 1025 2022 circumsonat
1038 1960 1136 2020 armis.

300 2044 348 2102 sed
363 2043 415 2102 tibi
431 2063 484 2120 ego
499 2044 629 2119 ingentes
645 2044 766 2121 populos
780 2043 973 2120 opulentaque
987 2043 1082 2117 regnis

299 2125 418 2199 iungere
432 2139 522 2182 castra
537 2145 616 2202 paro,
631 2144 717 2203 quam
733 2125 788 2182 fors
803 2123 921 2200 inopina
936 2122 1058 2181 salutem

299 2219 432 2264 ostentat.
474 2204 540 2262 fatis
553 2207 611 2263 huc
627 2220 655 2264 te
670 2204 854 2282 poscentibus
869 2205 960 2262 affers.

299 2285 376 2343 haud
389 2287 490 2363 procul
506 2285 574 2344 hinc
590 2306 657 2344 saxo
673 2284 809 2344 incolitur
823 2284 941 2344 fundata
954 2299 1069 2343 vetusto

300 2366 376 2424 urbis
390 2366 544 2442 Agyllinae
560 2367 647 2437 sedes,
665 2366 713 2423 ubi
728 2364 821 2442 Lydia
835 2365 980 2444 quondam

298 2465 366 2522 gens
382 2447 458 2505 bello
473 2448 618 2524 praeclara
633 2447 704 2522 iugis
720 2446 827 2504 insedit
841 2445 978 2504 Etruscis.
1124 2464 1166 2513 480

298 2529 372 2586 hanc
388 2528 493 2586 multos
508 2527 658 2586 florentem
673 2547 763 2586 annos
778 2545 828 2586 rex
842 2526 948 2586 deinde
963 2526 1085 2604 superbo

292 2607 414 2686 imperio
430 2623 460 2666 et
475 2608 562 2666 saevis
579 2607 674 2666 tenuit
689 2607 856 2668 Mezentius
871 2607 965 2666 armis.

297 2689 367 2767 quid
381 2709 538 2748 memorem
554 2689 685 2747 infandas
701 2687 812 2760 caedes,
826 2687 896 2767 quid
911 2687 986 2747 facts
1000 2687 1116 2764 manni

297 2771 406 2828 effera?
446 2769 475 2827 di
491 2769 576 2847 capiti
592 2769 680 2846 ipsius
695 2770 853 2848 generique
868 2769 1033 2828 reservent!

297 2866 408 2909 mortua
423 2849 494 2928 quin
511 2849 597 2907 etiarn
612 2849 748 2926 iungebat
763 2871 881 2928 corpora
895 2849 977 2922 vivis,

298 2950 473 3008 componens
488 2931 678 3009 manibusque
693 2951 793 2990 manus
808 2947 894 3009 atque
908 2930 1005 2990 oribus
1019 2951 1080 3002 ora,

296 3011 432 3070 tormenti
447 3031 547 3088 genus,
564 3025 592 3070 et
607 3010 685 3070 sanie
701 3012 825 3090 taboque
839 3011 961 3070 fluentes

296 3093 450 3168 complexu
465 3092 495 3150 in
511 3093 615 3152 misero
630 3093 715 3168 longa
730 3093 769 3152 sic
784 3107 878 3152 morte
892 3093 1025 3152 necabat.

296 3186 324 3229 at
338 3170 403 3229 fessi
418 3174 537 3232 tandem
553 3173 629 3232 cives
643 3173 762 3232 infanda
777 3173 923 3232 furentem

296 3252 396 3310 armati
412 3253 630 3314 circumsistunt
644 3255 797 3332 ipsumque
811 3255 998 3332 domumque,
1125 3282 1168 3322 490

295 3333 469 3392 obtruncant
483 3334 584 3406 socios,
599 3335 695 3410 ignem
711 3335 747 3392 ad
760 3334 871 3410 fastigia
886 3335 1005 3394 iactant.

474 3431 523 3491 460
541 3431 671 3494 pantherea.
737 3433 784 3492 462
802 3434 936 3494 procedunt.
