2558 4112
245 387 275 436 68

514 386 542 434 Ρ.
559 384 702 433 VERGILI
720 384 877 432 MARONIS

284 516 391 574 iniusto
407 515 460 574 sub
475 515 591 574 fasce
564 534 641 572 vram
656 533 723 572 cum
738 513 838 591 carpit,
854 528 883 572 et
897 513 971 572 hosti

284 613 353 656 ante
369 610 568 673 exspectatum
582 595 681 674 positis
696 610 751 654 stat
764 594 795 652 in
811 593 926 670 agmine
942 594 1049 654 castris.

283 694 313 736 at
327 698 396 749 non,
412 698 468 754 qua
484 677 619 754 Scythiae
634 691 734 754 gentes
750 675 939 753 Maeotiaque
954 677 1040 746 unda,

284 758 416 819 turbidus
431 773 461 815 et
476 772 612 836 torquens
626 757 766 816 flaventes
783 756 883 814 Hister
896 757 1027 829 harenas,
1116 786 1156 826 350

283 860 397 918 quaque
412 838 488 896 redit
502 839 632 896 medium
648 839 791 915 Rhodope
806 853 938 915 porrecta
952 838 1005 896 sub
1021 858 1114 897 arem.

283 920 346 979 illic
362 920 457 978 clausa
472 934 575 978 tenent
589 919 708 978 stabulis
724 934 862 990 armenta,
878 938 974 996 neque
989 919 1065 977 ullae

283 1017 331 1060 aut
345 1001 452 1058 herbae
467 1021 570 1078 campo
585 1014 725 1078 apparent
740 1015 789 1058 aut
804 999 904 1057 arbore
919 999 1055 1070 frondes3

283 1083 334 1140 sed
348 1081 425 1140 iacet
440 1081 588 1156 aggeribus
604 1080 696 1140 niveis
711 1079 843 1140 informis
860 1095 888 1138 et
903 1080 963 1137 alto

283 1178 357 1220 terra
371 1163 438 1237 gelu
454 1162 511 1220 late
527 1177 697 1240 septemque
712 1160 839 1237 adsurgit
852 1161 884 1219 in
899 1161 982 1219 ulnas
997 1182 1004 1219 :

283 1264 398 1320 semper
412 1243 534 1320 hiemps,
551 1263 663 1319 semper
678 1241 818 1320 spirantes
834 1242 937 1316 frigora
952 1241 1050 1300 Cauri.

284 1340 346 1382 tum
362 1323 403 1382 sol
419 1324 564 1416 palientes
579 1323 657 1382 haud
672 1343 810 1401 umquam
824 1322 943 1381 discutit
958 1323 1080 1394 umbras,

284 1425 339 1464 nec
369 1424 437 1463 cum
461 1403 596 1462 invectus
620 1403 699 1482 equis
728 1403 821 1462 altum
849 1402 924 1481 petit
952 1405 1077 1474 aethera,
1097 1422 1154 1462 nec

367 1505 435 1543 cum

283 1565 475 1645 praecipitem
492 1565 606 1624 Oceani
622 1565 708 1624 rubro
723 1565 794 1624 lavit
808 1585 933 1644 aequore
947 1585 1073 1623 currum.

283 1661 479 1705 concrescunt
493 1646 605 1705 subitae
620 1645 749 1705 currenti
764 1645 796 1703 in
811 1645 932 1705 flumine
946 1660 1056 1704 crustae
1116 1663 1156 1714 360

283 1727 418 1805 undaque
433 1727 493 1786 iam
508 1743 589 1804 tergo
604 1727 722 1786 ferratos
737 1726 860 1786 sustinet
874 1727 964 1798 orbes,

283 1809 428 1886 puppibus
443 1808 495 1866 illa
510 1807 596 1885 prius,
612 1808 718 1887 patulis
733 1829 812 1866 nunc
827 1807 940 1884 hospita
954 1805 1106 1884 plaustris;

283 1910 407 1966 aeraque
422 1889 568 1948 dissiliunt
583 1889 670 1961 ultro,
685 1905 835 1968 vestesque
849 1887 994 1964 rigescunt

283 1969 410 2042 indutae,
426 1971 612 2048 caeduntque
627 1969 773 2030 securibus
788 1968 884 2029 umida
899 1968 975 2042 vina,

284 2064 313 2108 et
328 2064 405 2108 totae
421 2050 544 2108 solidam
559 2051 591 2108 in
607 2050 731 2126 glaciem
745 2065 859 2110 vertere
873 2049 1004 2121 lacunae,

283 2130 420 2210 stiriaque
435 2130 548 2208 inpexis
564 2131 697 2189 induruit
712 2131 827 2190 horrida
842 2130 945 2190 barbis.

283 2211 393 2269 interea
409 2225 469 2269 toto
485 2232 545 2269 non
561 2212 647 2271 setius
663 2221 727 2271 aere
742 2212 874 2288 ninguit:

283 2292 433 2350 intereunt
447 2292 585 2370 pecudes,
601 2308 679 2352 stant
693 2293 867 2352 circumfusa
882 2292 995 2370 pruinis

284 2393 402 2450 corpora
417 2393 521 2448 magna
536 2374 634 2447 boum,
651 2374 844 2452 confertoque
858 2374 974 2448 agmine
988 2372 1066 2431 cervi

284 2468 402 2531 torpent
415 2454 493 2512 mole
507 2475 581 2513 nova
596 2470 626 2513 et
641 2453 759 2513 summis
773 2455 821 2511 vix
834 2453 967 2511 cornibus
979 2466 1103 2511 exstant.
1118 2481 1157 2520 37⁰

282 2537 334 2592 hos
350 2556 410 2592 non
425 2535 550 2594 inmissis
566 2535 695 2606 canibus,
711 2555 771 2592 non
787 2533 911 2592 cassibus
926 2532 994 2591 ullis

285 2615 466 2674 Punieeaeve
482 2615 593 2692 agitant
608 2614 726 2693 pavidos
738 2613 897 2673 formidine
912 2613 1030 2691 pinnae,

284 2695 333 2754 sed
348 2696 452 2755 frustra
467 2695 633 2774 oppositum
650 2696 800 2753 trudentes
814 2709 932 2773 pectore
947 2708 1079 2752 montem

284 2776 447 2835 cornminus
462 2777 639 2836 obtruncant
654 2776 738 2845 ferro,
755 2775 935 2855 graviterque
950 2774 1088 2834 rudentes

284 2857 420 2929 caedunt,
436 2873 465 2917 et
481 2877 585 2932 magno
601 2856 671 2915 laeti
687 2857 814 2915 clamore
829 2871 987 2934 reportant.

284 2935 338 3012 ipsi
354 2936 385 2994 in
400 2938 519 2997 defossis
535 2937 676 3015 specubus
692 2957 792 2996 secura
806 2937 858 2996 sub
873 2937 931 2996 alta

285 3015 344 3073 otia
358 3034 447 3092 agunt
463 3035 547 3091 terra,
564 3034 756 3112 congestaque
770 3019 872 3078 robora
888 3033 1019 3096 totasque

285 3095 439 3157 advolvere
454 3099 525 3158 focis
541 3099 657 3158 ulmos
650 3099 768 3179 ignique
782 3099 899 3158 dedere.

285 3175 334 3235 hic
350 3193 468 3237 noctem
484 3180 554 3238 ludo
569 3180 691 3253 ducunt,
708 3194 737 3238 et
750 3180 857 3258 pocula
872 3177 941 3238 laeti

287 3256 432 3316 fermento
447 3274 533 3338 atque
549 3260 660 3320 acidis'
652 3259 803 3319 rmitantur
816 3261 894 3318 vitea
908 3258 1007 3318 sorbis.
1119 3272 1158 3324 ³80

288 3337 353 3395 talis
370 3337 565 3416 Hyperboreo
580 3357 692 3419 septem
708 3341 836 3402 subiecta
851 3339 937 3401 trioni

614 3435 660 3497 369
678 3437 793 3486 confecto
