2562 4114
280 393 326 454 3'70
545 390 572 438 Ρ.
592 388 736 436 VERGILI
754 387 912 436 MARONIS

318 541 486 586 convertere
500 524 599 582 oculos
614 523 691 595 Itali,
706 522 814 601 quique
829 522 886 580 alta
902 522 1042 582 tenebant

319 606 443 676 moenia,
459 606 567 684 quique
581 606 654 664 imos
668 605 822 683 pulsabant
836 603 924 662 ariete
938 624 1045 676 muros,

319 707 453 766 armaque
468 687 625 764 deposuere
641 686 756 746 umeris.
799 699 896 762 stupet
910 685 971 763 ipse
985 685 1117 745 Latinus

318 768 460 844 ingentes,
475 768 586 844 genitos
600 767 716 824 diversis
730 766 858 845 partibus
874 766 962 836 orbis,

319 849 396 908 inter
411 869 440 907 se
455 848 555 907 coiisse
570 848 643 905 viros
656 863 686 906 et
701 868 819 906 cernere
834 847 920 906 ferro.

320 948 406 1008 atque
420 930 475 1001 illi,
490 944 523 987 ut
537 949 630 986 vacuo
643 944 801 1007 patuerunt
815 949 936 1006 aequore
951 929 1059 1006 campi,
1158 961 1197 998 210

319 1031 456 1088 procursu
471 1010 580 1087 rapido,
595 1009 734 1068 coniectis
749 1009 862 1068 eminus
876 1009 971 1079 hastis,
1270 1035 1271 1062 ι

319 1092 460 1150 invadunt
476 1092 603 1149 Martem
618 1090 719 1168 clipeis
734 1105 821 1168 atque
836 1109 901 1148 aere
916 1110 1028 1148 sonoro.
1270 1065 1271 1146 l

319 1173 368 1230 dat
381 1172 523 1247 gemitum
538 1172 623 1230 tellus
636 1197 646 1242 3
667 1187 730 1230 tum
746 1171 859 1229 crebros
875 1170 989 1228 ensibus
1004 1171 1085 1229 ictus

319 1253 545 1329 congeminant3
567 1253 624 1310 fors
639 1269 668 1310 et
682 1253 772 1310 virtus
788 1252 946 1310 miscentur
959 1250 991 1308 in
1007 1271 1117 1311 unum.

318 1354 350 1391 ac
365 1334 446 1390 velut
460 1332 572 1408 ingenti
589 1333 646 1392 Sila
660 1353 809 1392 summove
824 1333 965 1390 Taburno

318 1433 385 1471 cum
399 1413 458 1472 duo
472 1415 616 1472 conversis
631 1413 749 1472 inimica
763 1414 795 1472 in
810 1413 918 1490 proelia
932 1413 1005 1471 tauri

318 1494 462 1551 frontibus
477 1494 629 1552 incurrunt
642 1520 651 1564 ;
672 1494 768 1572 pavidi
785 1514 894 1553 cessere
909 1495 1036 1569 magistri
1050 1520 1059 1564 ;

317 1588 372 1632 stat
386 1593 473 1650 pecus
488 1594 574 1632 omne
588 1591 668 1631 metu
684 1591 810 1646 mutum,
825 1590 1010 1652 mussantque
1026 1575 1181 1646 iuvencae,
1270 1591 1271 1644 l

317 1654 380 1732 quis
394 1653 504 1712 nemori
520 1653 675 1731 imperitet,
688 1676 776 1732 quem
792 1671 852 1714 tota
867 1671 994 1714 armenta
1006 1673 1186 1734 sequantur3

317 1735 360 1793 illi
376 1735 452 1792 inter
467 1755 525 1792 sese
541 1735 633 1792 multa
646 1734 675 1792 vi
689 1736 811 1795 vulnera
826 1737 958 1808 miscent,
1153 1768 1187 1806 ,ω

317 1836 482 1894 cornuaque
497 1815 597 1874 obnixi
612 1814 747 1892 infigunt,
764 1833 793 1874 et
808 1817 946 1892 sanguine
961 1817 1040 1892 largo

317 1897 392 1955 colla
406 1917 556 1974 armosque
568 1897 664 1955 lavant
677 1922 687 1968 ς
707 1898 817 1973 gemitu
829 1917 930 1955 nemus
940 1918 1027 1956 omne
1037 1899 1166 1975 remugit
1179 1921 1185 1956 :

317 1998 377 2035 non
392 1978 475 2036 aliter
490 1977 564 2035 Tros
579 1979 690 2036 Aeneas
706 1993 735 2036 et
749 1978 881 2036 Daunius
896 1981 979 2036 heros

317 2073 495 2117 concurrunt
510 2059 610 2136 clipeis
622 2082 631 2129 ς
653 2058 754 2134 ingens
768 2059 864 2135 fragor
878 2061 993 2116 aethera
1006 2061 1147 2136 complet.

317 2139 447 2230 Iuppiter
462 2138 523 2215 ipse
538 2139 606 2197 duas
621 2153 742 2217 aequato
758 2139 890 2198 examine
906 2141 1002 2198 lances

316 2218 446 2289 sustinet,
463 2235 492 2277 et
507 2220 587 2277 fata'
580 2220 695 2297 inponit
710 2219 821 2278 diversa
835 2220 969 2290 duorum,

316 2319 402 2378 quem
417 2299 535 2358 damnet
549 2300 638 2372 labor,
655 2317 683 2360 et
699 2321 755 2379 quo
769 2317 868 2378 vergat
881 2301 1009 2378 pondere
1023 2302 1127 2360 letum.

316 2379 420 2438 emicat
434 2380 516 2451 hic,
508 2401 618 2457 inpune
632 2397 744 2459 putans,
761 2399 790 2440 et
806 2402 925 2459 corpore
941 2398 1002 2440 toto

315 2462 372 2518 alte
387 2461 531 2518 sublatum
548 2463 693 2537 consurgit
710 2463 852 2520 Turnus
844 2484 875 2520 ιιι
891 2483 999 2534 ensem,

314 2557 343 2599 et
358 2541 434 2600 ferit.
477 2543 640 2601 exclamant
655 2543 746 2600 Troes
762 2543 924 2622 trepidique
939 2544 1049 2616 Latini,
1148 2575 1184 2611 730
1270 2539 1271 2580 i

315 2638 497 2704 arrectaeque
512 2623 662 2681 amborum
677 2623 760 2683 acies.
802 2641 831 2682 at
845 2625 970 2702 perfidus
985 2625 1062 2683 ensis

315 2685 487 2779 frangitur,
478 2725 509 2761 m
525 2704 679 2782 medioque
694 2705 844 2764 ardentem
859 2705 986 2764 deserit'
979 2721 1051 2777 retu,

314 2805 344 2842 nr
337 2784 427 2859 fuga
441 2783 567 2841 subsidio
582 2785 691 2844 subeat.
733 2785 808 2861 fugit
823 2787 902 2845 ocior
916 2787 995 2844 Euro

229 2873 232 2880 ‘
314 2879 347 2922 ut
361 2864 521 2941 capulum
514 2881 646 2958 ignotum
661 2866 849 2960 dextramque
865 2867 976 2944 aspexit
991 2867 1147 2927 inermem
1270 2929 1271 2934 χ

314 2945 388 3002 fama
406 2960 458 3017 est,
475 2946 672 3024 praecipitem,
688 2967 755 3007 cum
775 2949 868 3025 prima
885 2947 916 3006 in
933 2947 1075 3026 proelia
1067 2963 1183 3007 iunctos
1270 3015 1271 3018 Ἰ

313 2991 525 3085 conscendebat
541 3047 638 3105 equos,
653 3028 746 3105 patrio
761 3049 902 3086 mucrone
917 3029 1030 3099 relicto,
1270 3029 1271 3058 ³

313 3105 382 3162 dum
397 3108 532 3185 trepidat,
547 3109 656 3166 ferrum
671 3108 784 3184 aurigae
800 3109 926 3186 rapuisse
942 3109 1088 3178 Metisci,

312 3185 399 3263 idque
414 3188 475 3260 diu,
490 3189 559 3246 dum
575 3205 653 3265 terga
667 3190 774 3248 dabant
789 3190 915 3268 palantia
930 3189 1053 3260 Teucri,

313 3266 447 3337 suffecit;
468 3285 619 3348 postquam
635 3289 712 3328 arma
722 3271 767 3329 dei
783 3271 817 3328 ad
830 3269 973 3328 Vulcania
988 3285 1114 3330 ventum
1130 3287 1182 3341 est,

312 3346 439 3406 mortalis
454 3367 564 3419 mucro,
580 3350 683 3424 glacies
699 3371 752 3410 ceu
767 3351 893 3424 futilis,
886 3367 945 3410 retu
1145 3382 1184 3419 ⁷40

493 3453 540 3502 709
559 3443 682 3492 decernere.
749 3457 795 3506 727
813 3453 853 3492 aut
863 3461 916 3508 quo.
