2558 4112
439 355 607 408 AENEIDOS
624 357 688 409 LIB.
705 357 744 408 ΙΙΙ

166 499 196 545 et
210 485 272 544 nati
289 501 421 546 natorum
436 487 530 566 etqui
546 505 701 548 nascentur
716 490 751 549 ab
765 489 843 551 illis.’

165 567 237 625 haec
254 566 410 638 Phoebus;
431 568 579 647 mixtoque
594 569 697 646 ingens
713 587 812 630 exorta
828 573 957 632 tumultu

166 646 285 719 laetitia,
300 662 335 718 et¹
344 648 444 708 cuncti
459 669 532 728 quae
547 648 604 709 sint
620 671 652 708 ea
666 651 783 710 moenia
797 669 951 731 quaerunt,
1004 685 1042 714 ιω

165 748 223 808 quo
240 727 374 787 Phoebus
388 745 475 789 vocet
489 746 617 789 errantes
632 730 789 811 iubeatque
805 734 920 793 reverti.

167 823 230 868 tum
244 808 369 886 genitor,
383 825 515 870 veterum
530 813 652 870 volvens
666 812 849 874 monimenta
863 815 1001 890 virorum,

142 889 274 962 ‘audite‚
290 910 307 949 o
321 889 474 970 procerea'
488 891 538 965 ait,
554 897 603 950 ‘et
617 914 681 971 spes
696 893 799 954 discite
814 911 931 956 vestras.

165 970 256 1030 Creta
271 971 348 1030 lovis
362 971 459 1048 magni
475 972 573 1032 medio
588 973 665 1033 iacet
679 974 774 1034 insula
788 992 890 1053 ponto,

164 1071 249 1111 mons
263 1051 367 1112 Idaeus
382 1052 432 1112 ubi
448 1068 477 1111 et
491 1054 586 1130 gentis
602 1054 747 1114 cunabula
762 1072 886 1117 nostrae.

164 1147 286 1192 centum
301 1133 385 1192 urbes
399 1133 535 1194 habitant
550 1155 676 1212 magnas,
693 1137 837 1196 uberrima
852 1158 959 1214 regna3

164 1213 307 1273 maximus
322 1214 401 1274 unde
414 1230 507 1295 pater,
522 1215 545 1273 si
561 1216 617 1276 rite
632 1217 730 1277 audita
746 1217 890 1291 recordor,

165 1294 299 1354 Teucrus
314 1294 460 1354 Rhoeteas
475 1296 603 1378 primurn
620 1312 663 1356 eat
677 1298 815 1358 advectus
828 1297 863 1356 ad
876 1321 937 1358 oras

164 1374 334 1454 optavitque
348 1375 447 1436 locum
462 1397 563 1454 regno.
606 1379 737 1437 nondum
752 1378 842 1438 Ilium
859 1395 888 1438 et
902 1400 979 1440 arces

167 1454 339 1532 Pergameae
353 1471 514 1527 steterant;
535 1459 708 1518 habitabant
722 1460 846 1519 vallibus
860 1459 935 1522 imis.
1003 1491 1041 1520 110

163 1535 235 1595 hinc
251 1537 351 1596 Mater
365 1538 472 1598 cultrix
490 1539 596 1617 Cybeli
614 1540 851 1620 Corybantiaque
866 1562 931 1601 aera

163 1617 345 1712 Idaeumque
360 1638 463 1678 nemus
471 1643 481 1688 ;
503 1621 573 1679 hinc
589 1619 645 1680 fida
661 1621 776 1680 silentia
791 1622 885 1696 sacris,

165 1713 195 1756 et
209 1697 302 1758 iuncti
317 1719 434 1758 currum
449 1699 586 1759 dominae
602 1701 716 1760 subiere
731 1703 840 1762 leones.

165 1799 231 1855 ergo
246 1779 332 1856 agite,
349 1795 387 1852 et,
402 1779 500 1840 divom
515 1780 628 1841 ducunt
642 1802 699 1860 qua
713 1781 796 1855 iussa,
811 1803 964 1861 sequamur
972 1808 982 1853 3

163 1861 313 1938 placemus
327 1876 430 1921 ventos
445 1876 475 1920 et
491 1861 603 1920 Gnosia
619 1881 706 1938 regna
720 1877 862 1942 petamus.

164 1961 220 2000 nec
235 1943 324 2018 longo
338 1942 447 2000 distant
462 1962 565 2001 cursu:
586 1942 674 2001 modo
688 1943 822 2021 Iuppiter
837 1944 920 2017 adsit,

165 2022 249 2081 tertia
265 2023 315 2081 lux
330 2023 451 2082 classem
466 2021 599 2082 Cretaeis
614 2023 694 2082 sistet
707 2023 739 2082 in
754 2024 830 2084 oria'

164 2103 205 2162 sic
220 2103 296 2162 fatua
311 2103 430 2162 meritos
445 2103 499 2162 aris
515 2104 654 2162 mactavit
667 2107 801 2178 honores,

165 2198 280 2242 taurum
295 2183 448 2264 Neptuno,
464 2199 578 2243 taurum
594 2184 658 2258 tibi,
672 2186 796 2263 pulcher
810 2181 930 2265 Apollo,

164 2264 278 2341 nigram
290 2264 392 2324 Hiemi
403 2265 556 2344 pecudem,
569 2265 715 2343 Zephyris
726 2265 861 2326 felicibus
874 2268 979 2328 albam.
999 2297 1037 2326 ιω

205 2345 282 2404 fama
296 2345 376 2404 volat
389 2347 505 2425 pulsum
520 2345 615 2422 regnis
629 2346 745 2405 cessisse
758 2348 886 2425 paternis
1068 2374 1070 2380 ·

165 2425 325 2486 Idomenea
340 2427 454 2500 ducem,
470 2427 640 2506 desertaque
655 2426 740 2486 litora
756 2428 874 2501 Cretae,

163 2508 248 2566 hoste
262 2529 364 2566 vacare
379 2508 489 2582 domos,
505 2508 644 2587 sedesque
658 2507 771 2567 adstare
785 2503 910 2568 relictas.

164 2587 326 2666 linquimus
342 2589 481 2667 Ortygiae
534 2605 595 2647 rtus
608 2589 771 2668 pelagoque
784 2589 926 2660 volamus,

164 2668 394 2749 bacchatamque
409 2669 480 2746 iugis
495 2610 604 2728 llam
618 2669 800 2748 viridemque
814 2670 975 2743 Donusam,

165 2749 297 2808 Olearon
313 2750 486 2828 niveamque
502 2749 594 2808 Paron
610 2771 774 2830 sparsasque
788 2755 962 2844 per'aequor

165 2829 310 2907 Cycladas
325 2845 355 2889 et
369 2829 475 2889 crebris
490 2831 612 2908 legimus
626 2832 701 2890 freta
716 2847 831 2891 concrta
847 2832 937 2891 terris.

165 2910 298 2970 nauticus
313 2910 440 2970 exoritur
454 2911 533 2970 vario
547 2912 707 2971 certamine
722 2913 850 2983 clamor3

163 2991 320 3050 hortantur
334 2991 404 3051 socii
420 2992 539 3052 Cretam
553 3013 731 3071 proavosque
746 3008 886 3071 petamus.

163 3073 349 3151 prosequitur
363 3093 480 3149 surgens
495 3095 511 3132 a
524 3073 616 3152 puppi
630 3089 734 3132 ventus
750 3089 861 3146 euntes,
999 3104 1037 3143 130

4 3213 6 3240 ἦ
102 3183 105 3189 ·
165 3167 196 3211 et
210 3153 330 3213 tandem
345 3153 471 3234 antiquis
486 3141 629 3214 Curetum
644 3153 806 3213 adlabimur
820 3155 884 3214 oris.

164 3253 233 3310 ergo
247 3234 347 3295 avidus
361 3255 458 3294 muros
472 3250 588 3314 optatae
604 3233 708 3293 molior
722 3235 799 3294 urbis

165 3314 409 3395 Pergameamque
424 3337 507 3389 voco,
523 3330 553 3375 et
567 3315 673 3374 laetam
688 3316 862 3392 cognomine
876 3331 994 3394 gentem

399 3423 442 3458 ιιι
461 3409 569 3475 Cybelae.
604 3423 649 3471 127
668 3409 764 3461 consita.
