<?xml version="1.0" encoding="UTF-8"?>
<!DOCTYPE html PUBLIC "-//W3C//DTD XHTML 1.0 Transitional//EN"
    "http://www.w3.org/TR/xhtml1/DTD/xhtml1-transitional.dtd">
<html xmlns="http://www.w3.org/1999/xhtml" xml:lang="en" lang="en">
 <head>
  <title>
</title>
<meta http-equiv="Content-Type" content="text/html;charset=utf-8" />
  <meta name='ocr-system' content='tesseract 3.04.00' />
  <meta name='ocr-capabilities' content='ocr_page ocr_carea ocr_par ocr_line ocrx_word'/>
</head>
<body>
  <div class='ocr_page' id='page_1' title='image "./bucolicageorgic05virggoog/bucolicageorgic05virggoog_0265.png"; bbox 0 0 2568 4114; ppageno 0'>
   <div class='ocr_carea' id='block_1_1' title="bbox 306 301 324 330">
    <p class='ocr_par' dir='ltr' id='par_1_1' title="bbox 306 301 324 330">
     <span class='ocr_line' id='line_1_1' title="bbox 306 301 324 330; baseline 0 -2"><span class='ocrx_word' id='word_1_1' title='bbox 306 301 324 330; x_wconf 57' lang='lat' dir='ltr'>N</span> 
     </span>
    </p>
   </div>
   <div class='ocr_carea' id='block_1_2' title="bbox 251 343 877 408">
    <p class='ocr_par' dir='ltr' id='par_1_2' title="bbox 251 343 877 408">
     <span class='ocr_line' id='line_1_2' title="bbox 251 343 877 408; baseline -0.003 -14"><span class='ocrx_word' id='word_1_2' title='bbox 251 359 299 408; x_wconf 85' lang='lat'>240</span> <span class='ocrx_word' id='word_1_3' title='bbox 514 345 542 394; x_wconf 89' lang='lat' dir='ltr'>P.</span> <span class='ocrx_word' id='word_1_4' title='bbox 559 343 702 392; x_wconf 82' lang='lat' dir='ltr'>VERGILI</span> <span class='ocrx_word' id='word_1_5' title='bbox 718 343 877 392; x_wconf 83' lang='lat' dir='ltr'>MARONIS</span> 
     </span>
    </p>
   </div>
   <div class='ocr_carea' id='block_1_3' title="bbox 271 473 1165 3455">
    <p class='ocr_par' dir='ltr' id='par_1_3' title="bbox 290 473 920 551">
     <span class='ocr_line' id='line_1_3' title="bbox 290 473 920 551; baseline -0.002 -18"><span class='ocrx_word' id='word_1_6' title='bbox 290 473 344 533; x_wconf 89' lang='lat' dir='ltr'>ille</span> <span class='ocrx_word' id='word_1_7' title='bbox 360 473 437 532; x_wconf 88' lang='lat' dir='ltr'>inter</span> <span class='ocrx_word' id='word_1_8' title='bbox 450 489 544 532; x_wconf 87' lang='lat' dir='ltr'>vestes</span> <span class='ocrx_word' id='word_1_9' title='bbox 559 488 587 532; x_wconf 92' lang='lat' dir='ltr'>et</span> <span class='ocrx_word' id='word_1_10' title='bbox 602 473 677 531; x_wconf 87' lang='lat' dir='ltr'>levia</span> <span class='ocrx_word' id='word_1_11' title='bbox 691 488 809 551; x_wconf 79' lang='lat' dir='ltr'>pectora</span> <span class='ocrx_word' id='word_1_12' title='bbox 823 473 920 551; x_wconf 84' lang='lat' dir='ltr'>lapsus</span> 
     </span>
    </p>

    <p class='ocr_par' dir='ltr' id='par_1_4' title="bbox 289 554 1165 714">
     <span class='ocr_line' id='line_1_4' title="bbox 289 554 1165 633; baseline -0.002 -19"><span class='ocrx_word' id='word_1_13' title='bbox 289 554 417 614; x_wconf 88' lang='lat' dir='ltr'>volvitur</span> <span class='ocrx_word' id='word_1_14' title='bbox 431 570 541 614; x_wconf 85' lang='lat' dir='ltr'>attactu</span> <span class='ocrx_word' id='word_1_15' title='bbox 556 554 651 626; x_wconf 90' lang='lat' dir='ltr'>nullo,</span> <span class='ocrx_word' id='word_1_16' title='bbox 666 554 802 633; x_wconf 86' lang='lat' dir='ltr'>fallitque</span> <span class='ocrx_word' id='word_1_17' title='bbox 816 555 973 626; x_wconf 86' lang='lat' dir='ltr'>furentem,</span> <span class='ocrx_word' id='word_1_18' title='bbox 1122 584 1165 624; x_wconf 72' lang='lat'>350</span> 
     </span>
     <span class='ocr_line' id='line_1_5' title="bbox 289 635 1012 714; baseline -0.003 -20"><span class='ocrx_word' id='word_1_19' title='bbox 289 635 437 714; x_wconf 80' lang='lat' dir='ltr'>vipeream</span> <span class='ocrx_word' id='word_1_20' title='bbox 450 635 592 713; x_wconf 84' lang='lat' dir='ltr'>inspirans</span> <span class='ocrx_word' id='word_1_21' title='bbox 607 635 754 706; x_wconf 78' lang='lat' dir='ltr'>animam3</span> <span class='ocrx_word' id='word_1_22' title='bbox 774 635 807 693; x_wconf 90' lang='lat' dir='ltr'>fit</span> <span class='ocrx_word' id='word_1_23' title='bbox 821 635 920 693; x_wconf 91' lang='lat' dir='ltr'>tortile</span> <span class='ocrx_word' id='word_1_24' title='bbox 934 635 1012 694; x_wconf 91' lang='lat' dir='ltr'>collo</span> 
     </span>
    </p>

    <p class='ocr_par' dir='ltr' id='par_1_5' title="bbox 290 715 1044 875">
     <span class='ocr_line' id='line_1_6' title="bbox 290 715 1044 792; baseline 0 -18"><span class='ocrx_word' id='word_1_25' title='bbox 290 737 393 776; x_wconf 87' lang='lat' dir='ltr'>aurum</span> <span class='ocrx_word' id='word_1_26' title='bbox 406 716 509 792; x_wconf 88' lang='lat' dir='ltr'>ingens</span> <span class='ocrx_word' id='word_1_27' title='bbox 523 715 652 788; x_wconf 89' lang='lat' dir='ltr'>coluber,</span> <span class='ocrx_word' id='word_1_28' title='bbox 669 716 701 774; x_wconf 82' lang='lat' dir='ltr'>fit</span> <span class='ocrx_word' id='word_1_29' title='bbox 715 717 818 792; x_wconf 87' lang='lat' dir='ltr'>longae</span> <span class='ocrx_word' id='word_1_30' title='bbox 833 716 930 775; x_wconf 83' lang='lat' dir='ltr'>taenia</span> <span class='ocrx_word' id='word_1_31' title='bbox 943 715 1044 787; x_wconf 86' lang='lat' dir='ltr'>vittae,</span> 
     </span>
     <span class='ocr_line' id='line_1_7' title="bbox 290 797 1036 875; baseline 0.001 -20"><span class='ocrx_word' id='word_1_32' title='bbox 290 797 476 875; x_wconf 85' lang='lat' dir='ltr'>innectitque</span> <span class='ocrx_word' id='word_1_33' title='bbox 490 817 596 869; x_wconf 87' lang='lat' dir='ltr'>comas,</span> <span class='ocrx_word' id='word_1_34' title='bbox 613 813 643 855; x_wconf 91' lang='lat' dir='ltr'>et</span> <span class='ocrx_word' id='word_1_35' title='bbox 658 797 794 856; x_wconf 85' lang='lat' dir='ltr'>membris</span> <span class='ocrx_word' id='word_1_36' title='bbox 809 797 937 856; x_wconf 81' lang='lat' dir='ltr'>lubricus</span> <span class='ocrx_word' id='word_1_37' title='bbox 952 813 1036 856; x_wconf 86' lang='lat' dir='ltr'>errat.</span> 
     </span>
    </p>

    <p class='ocr_par' dir='ltr' id='par_1_6' title="bbox 290 878 942 956">
     <span class='ocr_line' id='line_1_8' title="bbox 290 878 942 956; baseline -0.002 -19"><span class='ocrx_word' id='word_1_38' title='bbox 290 899 324 937; x_wconf 90' lang='lat' dir='ltr'>ac</span> <span class='ocrx_word' id='word_1_39' title='bbox 338 879 410 937; x_wconf 92' lang='lat' dir='ltr'>dum</span> <span class='ocrx_word' id='word_1_40' title='bbox 424 878 517 955; x_wconf 85' lang='lat' dir='ltr'>prima</span> <span class='ocrx_word' id='word_1_41' title='bbox 530 879 593 936; x_wconf 84' lang='lat' dir='ltr'>lues</span> <span class='ocrx_word' id='word_1_42' title='bbox 608 878 665 937; x_wconf 90' lang='lat' dir='ltr'>udo</span> <span class='ocrx_word' id='word_1_43' title='bbox 680 878 814 956; x_wconf 78' lang='lat' dir='ltr'>sublapsa</span> <span class='ocrx_word' id='word_1_44' title='bbox 828 898 942 936; x_wconf 80' lang='lat' dir='ltr'>veneno</span> 
     </span>
    </p>

    <p class='ocr_par' dir='ltr' id='par_1_7' title="bbox 289 958 1073 1192">
     <span class='ocr_line' id='line_1_9' title="bbox 289 958 1063 1037; baseline -0.003 -19"><span class='ocrx_word' id='word_1_45' title='bbox 289 974 466 1037; x_wconf 86' lang='lat' dir='ltr'>pertemptat</span> <span class='ocrx_word' id='word_1_46' title='bbox 481 978 579 1017; x_wconf 87' lang='lat' dir='ltr'>sensus</span> <span class='ocrx_word' id='word_1_47' title='bbox 594 974 682 1037; x_wconf 87' lang='lat' dir='ltr'>atque</span> <span class='ocrx_word' id='word_1_48' title='bbox 695 958 805 1017; x_wconf 88' lang='lat' dir='ltr'>ossibus</span> <span class='ocrx_word' id='word_1_49' title='bbox 820 958 942 1036; x_wconf 85' lang='lat' dir='ltr'>inplicat</span> <span class='ocrx_word' id='word_1_50' title='bbox 955 958 1063 1034; x_wconf 83' lang='lat' dir='ltr'>ignem,</span> 
     </span>
     <span class='ocr_line' id='line_1_10' title="bbox 291 1038 1073 1117; baseline -0.001 -20"><span class='ocrx_word' id='word_1_51' title='bbox 291 1040 419 1099; x_wconf 90' lang='lat' dir='ltr'>necdum</span> <span class='ocrx_word' id='word_1_52' title='bbox 433 1039 546 1098; x_wconf 88' lang='lat' dir='ltr'>animus</span> <span class='ocrx_word' id='word_1_53' title='bbox 562 1055 623 1098; x_wconf 88' lang='lat' dir='ltr'>toto</span> <span class='ocrx_word' id='word_1_54' title='bbox 637 1039 770 1117; x_wconf 89' lang='lat' dir='ltr'>percepit</span> <span class='ocrx_word' id='word_1_55' title='bbox 783 1056 902 1117; x_wconf 87' lang='lat' dir='ltr'>pectore</span> <span class='ocrx_word' id='word_1_56' title='bbox 916 1038 1073 1112; x_wconf 82' lang='lat' dir='ltr'>flammam,</span> 
     </span>
     <span class='ocr_line' id='line_1_11' title="bbox 290 1120 1035 1192; baseline -0.001 -13"><span class='ocrx_word' id='word_1_57' title='bbox 290 1121 416 1192; x_wconf 87' lang='lat' dir='ltr'>mollius,</span> <span class='ocrx_word' id='word_1_58' title='bbox 433 1136 462 1179; x_wconf 92' lang='lat' dir='ltr'>et</span> <span class='ocrx_word' id='word_1_59' title='bbox 477 1121 562 1179; x_wconf 89' lang='lat' dir='ltr'>solito</span> <span class='ocrx_word' id='word_1_60' title='bbox 577 1136 701 1178; x_wconf 86' lang='lat' dir='ltr'>matrum</span> <span class='ocrx_word' id='word_1_61' title='bbox 716 1120 753 1178; x_wconf 90' lang='lat' dir='ltr'>de</span> <span class='ocrx_word' id='word_1_62' title='bbox 766 1140 856 1192; x_wconf 87' lang='lat' dir='ltr'>more,</span> <span class='ocrx_word' id='word_1_63' title='bbox 871 1121 968 1178; x_wconf 88' lang='lat' dir='ltr'>locuta</span> <span class='ocrx_word' id='word_1_64' title='bbox 983 1135 1035 1192; x_wconf 84' lang='lat' dir='ltr'>est,</span> 
     </span>
    </p>

    <p class='ocr_par' dir='ltr' id='par_1_8' title="bbox 271 1200 1141 1354">
     <span class='ocr_line' id='line_1_12' title="bbox 290 1200 1141 1279; baseline -0.002 -17"><span class='ocrx_word' id='word_1_65' title='bbox 290 1202 383 1262; x_wconf 88' lang='lat' dir='ltr'>multa</span> <span class='ocrx_word' id='word_1_66' title='bbox 397 1222 482 1279; x_wconf 89' lang='lat' dir='ltr'>super</span> <span class='ocrx_word' id='word_1_67' title='bbox 496 1217 563 1260; x_wconf 87' lang='lat' dir='ltr'>nata</span> <span class='ocrx_word' id='word_1_68' title='bbox 578 1200 730 1260; x_wconf 84' lang='lat' dir='ltr'>lacrimans</span> <span class='ocrx_word' id='word_1_69' title='bbox 747 1200 933 1278; x_wconf 82' lang='lat' dir='ltr'>Phrygiisque</span> <span class='ocrx_word' id='word_1_70' title='bbox 949 1200 1141 1277; x_wconf 86' lang='lat' dir='ltr'>hymenaeis:</span> 
     </span>
     <span class='ocr_line' id='line_1_13' title="bbox 271 1280 1007 1354; baseline -0.003 -14"><span class='ocrx_word' id='word_1_71' title='bbox 271 1282 476 1342; x_wconf 80' lang='lat' dir='ltr'>‘exsulibusne</span> <span class='ocrx_word' id='word_1_72' title='bbox 490 1283 575 1340; x_wconf 86' lang='lat' dir='ltr'>datur</span> <span class='ocrx_word' id='word_1_73' title='bbox 589 1282 724 1340; x_wconf 85' lang='lat' dir='ltr'>ducenda</span> <span class='ocrx_word' id='word_1_74' title='bbox 738 1280 860 1340; x_wconf 85' lang='lat' dir='ltr'>Lavinia</span> <span class='ocrx_word' id='word_1_75' title='bbox 875 1281 1007 1354; x_wconf 88' lang='lat' dir='ltr'>Teucris,</span> 
     </span>
    </p>

    <p class='ocr_par' dir='ltr' id='par_1_9' title="bbox 288 1361 1165 1602">
     <span class='ocr_line' id='line_1_14' title="bbox 288 1361 1165 1441; baseline 0.002 -21"><span class='ocrx_word' id='word_1_76' title='bbox 288 1384 308 1420; x_wconf 96' lang='lat' dir='ltr'>o</span> <span class='ocrx_word' id='word_1_77' title='bbox 322 1363 455 1439; x_wconf 79' lang='lat' dir='ltr'>genitor?</span> <span class='ocrx_word' id='word_1_78' title='bbox 477 1383 531 1421; x_wconf 91' lang='lat' dir='ltr'>nec</span> <span class='ocrx_word' id='word_1_79' title='bbox 548 1378 577 1421; x_wconf 88' lang='lat' dir='ltr'>te</span> <span class='ocrx_word' id='word_1_80' title='bbox 592 1363 710 1422; x_wconf 86' lang='lat' dir='ltr'>miseret</span> <span class='ocrx_word' id='word_1_81' title='bbox 724 1378 865 1440; x_wconf 87' lang='lat' dir='ltr'>nataeque</span> <span class='ocrx_word' id='word_1_82' title='bbox 880 1361 1000 1441; x_wconf 85' lang='lat' dir='ltr'>tuique?</span> <span class='ocrx_word' id='word_1_83' title='bbox 1121 1382 1165 1432; x_wconf 82' lang='lat'>360</span> 
     </span>
     <span class='ocr_line' id='line_1_15' title="bbox 290 1442 1138 1522; baseline 0.001 -20"><span class='ocrx_word' id='word_1_84' title='bbox 290 1464 346 1502; x_wconf 90' lang='lat' dir='ltr'>nec</span> <span class='ocrx_word' id='word_1_85' title='bbox 361 1443 459 1501; x_wconf 88' lang='lat' dir='ltr'>matris</span> <span class='ocrx_word' id='word_1_86' title='bbox 474 1444 600 1513; x_wconf 87' lang='lat' dir='ltr'>miseret,</span> <span class='ocrx_word' id='word_1_87' title='bbox 616 1462 704 1522; x_wconf 88' lang='lat' dir='ltr'>quam</span> <span class='ocrx_word' id='word_1_88' title='bbox 718 1443 812 1521; x_wconf 87' lang='lat' dir='ltr'>primo</span> <span class='ocrx_word' id='word_1_89' title='bbox 826 1442 974 1520; x_wconf 88' lang='lat' dir='ltr'>Aquilone</span> <span class='ocrx_word' id='word_1_90' title='bbox 988 1443 1138 1521; x_wconf 87' lang='lat' dir='ltr'>relinquet</span> 
     </span>
     <span class='ocr_line' id='line_1_16' title="bbox 288 1523 1044 1602; baseline 0 -20"><span class='ocrx_word' id='word_1_91' title='bbox 288 1524 425 1602; x_wconf 87' lang='lat' dir='ltr'>perfidus,</span> <span class='ocrx_word' id='word_1_92' title='bbox 441 1524 498 1582; x_wconf 88' lang='lat' dir='ltr'>alta</span> <span class='ocrx_word' id='word_1_93' title='bbox 513 1539 626 1600; x_wconf 90' lang='lat' dir='ltr'>petens,</span> <span class='ocrx_word' id='word_1_94' title='bbox 643 1525 768 1583; x_wconf 88' lang='lat' dir='ltr'>abducta</span> <span class='ocrx_word' id='word_1_95' title='bbox 783 1523 903 1600; x_wconf 89' lang='lat' dir='ltr'>virgine,</span> <span class='ocrx_word' id='word_1_96' title='bbox 918 1523 1044 1601; x_wconf 84' lang='lat' dir='ltr'>praedo?</span> 
     </span>
    </p>

    <p class='ocr_par' dir='ltr' id='par_1_10' title="bbox 289 1603 1111 1845">
     <span class='ocr_line' id='line_1_17' title="bbox 289 1603 1111 1682; baseline 0 -20"><span class='ocrx_word' id='word_1_97' title='bbox 289 1620 319 1662; x_wconf 87' lang='lat' dir='ltr'>at</span> <span class='ocrx_word' id='word_1_98' title='bbox 334 1625 393 1662; x_wconf 93' lang='lat' dir='ltr'>non</span> <span class='ocrx_word' id='word_1_99' title='bbox 409 1603 448 1662; x_wconf 90' lang='lat' dir='ltr'>sic</span> <span class='ocrx_word' id='word_1_100' title='bbox 465 1603 604 1680; x_wconf 86' lang='lat' dir='ltr'>Phrygius</span> <span class='ocrx_word' id='word_1_101' title='bbox 619 1621 755 1682; x_wconf 89' lang='lat' dir='ltr'>penetrat</span> <span class='ocrx_word' id='word_1_102' title='bbox 769 1605 989 1663; x_wconf 86' lang='lat' dir='ltr'>Lacedaemona</span> <span class='ocrx_word' id='word_1_103' title='bbox 1003 1620 1111 1682; x_wconf 87' lang='lat' dir='ltr'>pastor,</span> 
     </span>
     <span class='ocr_line' id='line_1_18' title="bbox 289 1684 1082 1764; baseline 0.001 -21"><span class='ocrx_word' id='word_1_104' title='bbox 289 1684 493 1764; x_wconf 85' lang='lat' dir='ltr'>Ledaeamque</span> <span class='ocrx_word' id='word_1_105' title='bbox 509 1685 659 1744; x_wconf 88' lang='lat' dir='ltr'>Helenam</span> <span class='ocrx_word' id='word_1_106' title='bbox 675 1685 819 1744; x_wconf 88' lang='lat' dir='ltr'>Troianas</span> <span class='ocrx_word' id='word_1_107' title='bbox 833 1685 914 1744; x_wconf 86' lang='lat' dir='ltr'>vexit</span> <span class='ocrx_word' id='word_1_108' title='bbox 927 1685 964 1744; x_wconf 86' lang='lat' dir='ltr'>ad</span> <span class='ocrx_word' id='word_1_109' title='bbox 978 1686 1082 1744; x_wconf 85' lang='lat' dir='ltr'>urbes?</span> 
     </span>
     <span class='ocr_line' id='line_1_19' title="bbox 289 1753 1087 1845; baseline 0 -21"><span class='ocrx_word' id='word_1_110' title='bbox 289 1765 360 1845; x_wconf 92' lang='lat' dir='ltr'>quid</span> <span class='ocrx_word' id='word_1_111' title='bbox 374 1781 422 1825; x_wconf 87' lang='lat' dir='ltr'>tua</span> <span class='ocrx_word' id='word_1_112' title='bbox 437 1781 536 1825; x_wconf 86' lang='lat' dir='ltr'>sancta</span> <span class='ocrx_word' id='word_1_113' title='bbox 551 1765 639 1823; x_wconf 86' lang='lat' dir='ltr'>fides?</span> <span class='ocrx_word' id='word_1_114' title='bbox 661 1765 732 1844; x_wconf 91' lang='lat' dir='ltr'>quid</span> <span class='ocrx_word' id='word_1_115' title='bbox 747 1787 815 1825; x_wconf 86' lang='lat' dir='ltr'>cura</span> <span class='ocrx_word' id='word_1_116' title='bbox 829 1753 946 1844; x_wconf 69' lang='lat' dir='ltr'>antiqua</span> <span class='ocrx_word' id='word_1_117' title='bbox 961 1781 1087 1838; x_wconf 91' lang='lat' dir='ltr'>tuorum,</span> 
     </span>
    </p>

    <p class='ocr_par' dir='ltr' id='par_1_11' title="bbox 290 1847 1026 1923">
     <span class='ocr_line' id='line_1_20' title="bbox 290 1847 1026 1923; baseline -0.003 -17"><span class='ocrx_word' id='word_1_118' title='bbox 290 1862 319 1906; x_wconf 92' lang='lat' dir='ltr'>et</span> <span class='ocrx_word' id='word_1_119' title='bbox 334 1847 550 1923; x_wconf 86' lang='lat' dir='ltr'>consanguineo</span> <span class='ocrx_word' id='word_1_120' title='bbox 565 1847 672 1905; x_wconf 86' lang='lat' dir='ltr'>totiens</span> <span class='ocrx_word' id='word_1_121' title='bbox 688 1847 753 1906; x_wconf 86' lang='lat' dir='ltr'>data</span> <span class='ocrx_word' id='word_1_122' title='bbox 767 1847 886 1906; x_wconf 85' lang='lat' dir='ltr'>dextera</span> <span class='ocrx_word' id='word_1_123' title='bbox 900 1847 1026 1905; x_wconf 80' lang='lat' dir='ltr'>Turno?</span> 
     </span>
    </p>

    <p class='ocr_par' dir='ltr' id='par_1_12' title="bbox 288 1927 961 2006">
     <span class='ocr_line' id='line_1_21' title="bbox 288 1927 961 2006; baseline 0 -21"><span class='ocrx_word' id='word_1_124' title='bbox 288 1927 310 1985; x_wconf 90' lang='lat' dir='ltr'>si</span> <span class='ocrx_word' id='word_1_125' title='bbox 325 1947 415 2004; x_wconf 87' lang='lat' dir='ltr'>gener</span> <span class='ocrx_word' id='word_1_126' title='bbox 430 1944 548 1987; x_wconf 82' lang='lat' dir='ltr'>externa</span> <span class='ocrx_word' id='word_1_127' title='bbox 563 1928 672 2006; x_wconf 90' lang='lat' dir='ltr'>petitur</span> <span class='ocrx_word' id='word_1_128' title='bbox 687 1928 724 1986; x_wconf 94' lang='lat' dir='ltr'>de</span> <span class='ocrx_word' id='word_1_129' title='bbox 738 1943 824 2003; x_wconf 88' lang='lat' dir='ltr'>gente</span> <span class='ocrx_word' id='word_1_130' title='bbox 839 1927 961 2000; x_wconf 86' lang='lat' dir='ltr'>Latinis,</span> 
     </span>
    </p>

    <p class='ocr_par' dir='ltr' id='par_1_13' title="bbox 288 2007 1163 2328">
     <span class='ocr_line' id='line_1_22' title="bbox 288 2007 1084 2087; baseline -0.001 -21"><span class='ocrx_word' id='word_1_131' title='bbox 288 2008 377 2086; x_wconf 93' lang='lat' dir='ltr'>idque</span> <span class='ocrx_word' id='word_1_132' title='bbox 393 2008 483 2080; x_wconf 84' lang='lat' dir='ltr'>sedet,</span> <span class='ocrx_word' id='word_1_133' title='bbox 497 2008 648 2086; x_wconf 88' lang='lat' dir='ltr'>Faunique</span> <span class='ocrx_word' id='word_1_134' title='bbox 663 2023 802 2087; x_wconf 88' lang='lat' dir='ltr'>premunt</span> <span class='ocrx_word' id='word_1_135' title='bbox 816 2024 845 2066; x_wconf 91' lang='lat' dir='ltr'>te</span> <span class='ocrx_word' id='word_1_136' title='bbox 860 2008 933 2067; x_wconf 87' lang='lat' dir='ltr'>iussa</span> <span class='ocrx_word' id='word_1_137' title='bbox 947 2007 1084 2086; x_wconf 86' lang='lat' dir='ltr'>parentis,</span> 
     </span>
     <span class='ocr_line' id='line_1_23' title="bbox 288 2088 1130 2168; baseline 0.001 -22"><span class='ocrx_word' id='word_1_138' title='bbox 288 2108 408 2147; x_wconf 90' lang='lat' dir='ltr'>omnem</span> <span class='ocrx_word' id='word_1_139' title='bbox 423 2088 560 2166; x_wconf 87' lang='lat' dir='ltr'>equidem</span> <span class='ocrx_word' id='word_1_140' title='bbox 575 2089 696 2167; x_wconf 87' lang='lat' dir='ltr'>sceptris</span> <span class='ocrx_word' id='word_1_141' title='bbox 712 2103 816 2147; x_wconf 89' lang='lat' dir='ltr'>terram</span> <span class='ocrx_word' id='word_1_142' title='bbox 830 2109 904 2168; x_wconf 89' lang='lat' dir='ltr'>quae</span> <span class='ocrx_word' id='word_1_143' title='bbox 919 2089 1009 2147; x_wconf 86' lang='lat' dir='ltr'>libera</span> <span class='ocrx_word' id='word_1_144' title='bbox 1024 2089 1130 2148; x_wconf 89' lang='lat' dir='ltr'>nostris</span> 
     </span>
     <span class='ocr_line' id='line_1_24' title="bbox 288 2168 1163 2243; baseline 0 -17"><span class='ocrx_word' id='word_1_145' title='bbox 288 2168 417 2239; x_wconf 87' lang='lat' dir='ltr'>dissidet,</span> <span class='ocrx_word' id='word_1_146' title='bbox 434 2184 584 2228; x_wconf 86' lang='lat' dir='ltr'>externam</span> <span class='ocrx_word' id='word_1_147' title='bbox 600 2191 673 2243; x_wconf 89' lang='lat' dir='ltr'>reor,</span> <span class='ocrx_word' id='word_1_148' title='bbox 690 2169 774 2228; x_wconf 89' lang='lat' dir='ltr'>etsie</span> <span class='ocrx_word' id='word_1_149' title='bbox 789 2168 991 2228; x_wconf 88' lang='lat' dir='ltr'>diceredivos.</span> <span class='ocrx_word' id='word_1_150' title='bbox 1121 2200 1163 2239; x_wconf 76' lang='lat'>370</span> 
     </span>
     <span class='ocr_line' id='line_1_25' title="bbox 289 2249 977 2328; baseline 0.001 -21"><span class='ocrx_word' id='word_1_151' title='bbox 289 2265 318 2307; x_wconf 87' lang='lat' dir='ltr'>et</span> <span class='ocrx_word' id='word_1_152' title='bbox 334 2249 448 2322; x_wconf 90' lang='lat' dir='ltr'>Turno,</span> <span class='ocrx_word' id='word_1_153' title='bbox 463 2250 485 2308; x_wconf 90' lang='lat' dir='ltr'>si</span> <span class='ocrx_word' id='word_1_154' title='bbox 500 2251 593 2327; x_wconf 85' lang='lat' dir='ltr'>prima</span> <span class='ocrx_word' id='word_1_155' title='bbox 609 2251 711 2309; x_wconf 90' lang='lat' dir='ltr'>domus</span> <span class='ocrx_word' id='word_1_156' title='bbox 726 2265 875 2328; x_wconf 86' lang='lat' dir='ltr'>repetatur</span> <span class='ocrx_word' id='word_1_157' title='bbox 888 2249 977 2326; x_wconf 90' lang='lat' dir='ltr'>origo,</span> 
     </span>
    </p>

    <p class='ocr_par' dir='ltr' id='par_1_14' title="bbox 288 2330 1100 2410">
     <span class='ocr_line' id='line_1_26' title="bbox 288 2330 1100 2410; baseline 0.004 -23"><span class='ocrx_word' id='word_1_158' title='bbox 288 2330 414 2389; x_wconf 88' lang='lat' dir='ltr'>Inachus</span> <span class='ocrx_word' id='word_1_159' title='bbox 428 2331 614 2410; x_wconf 88' lang='lat' dir='ltr'>Acrisiusque</span> <span class='ocrx_word' id='word_1_160' title='bbox 629 2347 733 2409; x_wconf 85' lang='lat' dir='ltr'>patres,</span> <span class='ocrx_word' id='word_1_161' title='bbox 748 2331 918 2409; x_wconf 89' lang='lat' dir='ltr'>mediaeque</span> <span class='ocrx_word' id='word_1_162' title='bbox 934 2331 1100 2408; x_wconf 86' lang='lat' dir='ltr'>Mycenae.&#39;</span> 
     </span>
    </p>

    <p class='ocr_par' dir='ltr' id='par_1_15' title="bbox 328 2411 1021 2490">
     <span class='ocr_line' id='line_1_27' title="bbox 328 2411 1021 2490; baseline 0.003 -22"><span class='ocrx_word' id='word_1_163' title='bbox 328 2411 373 2469; x_wconf 88' lang='lat' dir='ltr'>his</span> <span class='ocrx_word' id='word_1_164' title='bbox 388 2411 437 2470; x_wconf 89' lang='lat' dir='ltr'>ubi</span> <span class='ocrx_word' id='word_1_165' title='bbox 454 2412 633 2490; x_wconf 87' lang='lat' dir='ltr'>nequiquam</span> <span class='ocrx_word' id='word_1_166' title='bbox 648 2412 734 2470; x_wconf 88' lang='lat' dir='ltr'>dictis</span> <span class='ocrx_word' id='word_1_167' title='bbox 749 2427 867 2490; x_wconf 82' lang='lat' dir='ltr'>experta</span> <span class='ocrx_word' id='word_1_168' title='bbox 882 2411 1021 2470; x_wconf 89' lang='lat' dir='ltr'>Latinum</span> 
     </span>
    </p>

    <p class='ocr_par' dir='ltr' id='par_1_16' title="bbox 288 2492 1070 2651">
     <span class='ocr_line' id='line_1_28' title="bbox 288 2492 1070 2570; baseline 0 -20"><span class='ocrx_word' id='word_1_169' title='bbox 288 2507 389 2550; x_wconf 86' lang='lat' dir='ltr'>contra</span> <span class='ocrx_word' id='word_1_170' title='bbox 404 2508 478 2552; x_wconf 85' lang='lat' dir='ltr'>stare</span> <span class='ocrx_word' id='word_1_171' title='bbox 492 2492 582 2564; x_wconf 88' lang='lat' dir='ltr'>videt,</span> <span class='ocrx_word' id='word_1_172' title='bbox 598 2492 774 2570; x_wconf 89' lang='lat' dir='ltr'>penitusque</span> <span class='ocrx_word' id='word_1_173' title='bbox 789 2493 820 2551; x_wconf 94' lang='lat' dir='ltr'>in</span> <span class='ocrx_word' id='word_1_174' title='bbox 835 2493 944 2551; x_wconf 85' lang='lat' dir='ltr'>viscera</span> <span class='ocrx_word' id='word_1_175' title='bbox 958 2493 1070 2570; x_wconf 90' lang='lat' dir='ltr'>lapsum</span> 
     </span>
     <span class='ocr_line' id='line_1_29' title="bbox 288 2572 1000 2651; baseline 0 -21"><span class='ocrx_word' id='word_1_176' title='bbox 288 2572 429 2650; x_wconf 88' lang='lat' dir='ltr'>serpentis</span> <span class='ocrx_word' id='word_1_177' title='bbox 445 2573 548 2631; x_wconf 89' lang='lat' dir='ltr'>furiale</span> <span class='ocrx_word' id='word_1_178' title='bbox 565 2574 685 2646; x_wconf 88' lang='lat' dir='ltr'>malurn,</span> <span class='ocrx_word' id='word_1_179' title='bbox 701 2589 850 2651; x_wconf 88' lang='lat' dir='ltr'>totamque</span> <span class='ocrx_word' id='word_1_180' title='bbox 864 2588 1000 2651; x_wconf 86' lang='lat' dir='ltr'>pererrat,</span> 
     </span>
    </p>

    <p class='ocr_par' dir='ltr' id='par_1_17' title="bbox 288 2653 1072 2812">
     <span class='ocr_line' id='line_1_30' title="bbox 288 2653 1014 2730; baseline 0.001 -20"><span class='ocrx_word' id='word_1_181' title='bbox 288 2669 352 2712; x_wconf 90' lang='lat' dir='ltr'>tum</span> <span class='ocrx_word' id='word_1_182' title='bbox 366 2674 434 2712; x_wconf 88' lang='lat' dir='ltr'>vero</span> <span class='ocrx_word' id='word_1_183' title='bbox 449 2653 564 2726; x_wconf 83' lang='lat' dir='ltr'>infelix,</span> <span class='ocrx_word' id='word_1_184' title='bbox 580 2653 747 2730; x_wconf 88' lang='lat' dir='ltr'>ingentibus</span> <span class='ocrx_word' id='word_1_185' title='bbox 764 2655 857 2712; x_wconf 85' lang='lat' dir='ltr'>excita</span> <span class='ocrx_word' id='word_1_186' title='bbox 871 2654 1014 2726; x_wconf 87' lang='lat' dir='ltr'>monstris,</span> 
     </span>
     <span class='ocr_line' id='line_1_31' title="bbox 288 2733 1072 2812; baseline 0.004 -22"><span class='ocrx_word' id='word_1_187' title='bbox 288 2733 450 2794; x_wconf 90' lang='lat' dir='ltr'>inmensam</span> <span class='ocrx_word' id='word_1_188' title='bbox 465 2734 526 2792; x_wconf 87' lang='lat' dir='ltr'>sine</span> <span class='ocrx_word' id='word_1_189' title='bbox 541 2755 620 2793; x_wconf 91' lang='lat' dir='ltr'>more</span> <span class='ocrx_word' id='word_1_190' title='bbox 636 2734 706 2793; x_wconf 87' lang='lat' dir='ltr'>furit</span> <span class='ocrx_word' id='word_1_191' title='bbox 720 2736 868 2812; x_wconf 84' lang='lat' dir='ltr'>lymphata</span> <span class='ocrx_word' id='word_1_192' title='bbox 881 2755 933 2812; x_wconf 91' lang='lat' dir='ltr'>per</span> <span class='ocrx_word' id='word_1_193' title='bbox 948 2735 1072 2793; x_wconf 88' lang='lat' dir='ltr'>urbem:</span> 
     </span>
    </p>

    <p class='ocr_par' dir='ltr' id='par_1_18' title="bbox 288 2815 1049 2894">
     <span class='ocr_line' id='line_1_32' title="bbox 288 2815 1049 2894; baseline -0.001 -21"><span class='ocrx_word' id='word_1_194' title='bbox 288 2835 342 2873; x_wconf 89' lang='lat' dir='ltr'>ceu</span> <span class='ocrx_word' id='word_1_195' title='bbox 357 2815 505 2894; x_wconf 88' lang='lat' dir='ltr'>quondam</span> <span class='ocrx_word' id='word_1_196' title='bbox 522 2831 598 2873; x_wconf 89' lang='lat' dir='ltr'>torto</span> <span class='ocrx_word' id='word_1_197' title='bbox 612 2816 735 2874; x_wconf 87' lang='lat' dir='ltr'>volitans</span> <span class='ocrx_word' id='word_1_198' title='bbox 751 2817 804 2874; x_wconf 89' lang='lat' dir='ltr'>sub</span> <span class='ocrx_word' id='word_1_199' title='bbox 818 2816 938 2873; x_wconf 89' lang='lat' dir='ltr'>verbere</span> <span class='ocrx_word' id='word_1_200' title='bbox 954 2815 1049 2887; x_wconf 90' lang='lat' dir='ltr'>turbo,</span> 
     </span>
    </p>

    <p class='ocr_par' dir='ltr' id='par_1_19' title="bbox 288 2895 1037 2974">
     <span class='ocr_line' id='line_1_33' title="bbox 288 2895 1037 2974; baseline 0 -20"><span class='ocrx_word' id='word_1_201' title='bbox 288 2916 376 2973; x_wconf 90' lang='lat' dir='ltr'>quem</span> <span class='ocrx_word' id='word_1_202' title='bbox 390 2896 471 2972; x_wconf 89' lang='lat' dir='ltr'>pueri</span> <span class='ocrx_word' id='word_1_203' title='bbox 488 2895 637 2972; x_wconf 90' lang='lat' dir='ltr'>magnoin</span> <span class='ocrx_word' id='word_1_204' title='bbox 652 2916 721 2974; x_wconf 84' lang='lat' dir='ltr'>gyro</span> <span class='ocrx_word' id='word_1_205' title='bbox 735 2917 825 2955; x_wconf 84' lang='lat' dir='ltr'>vacua</span> <span class='ocrx_word' id='word_1_206' title='bbox 840 2896 911 2954; x_wconf 88' lang='lat' dir='ltr'>atria</span> <span class='ocrx_word' id='word_1_207' title='bbox 926 2895 1037 2954; x_wconf 87' lang='lat' dir='ltr'>circum</span> 
     </span>
    </p>

    <p class='ocr_par' dir='ltr' id='par_1_20' title="bbox 287 2976 1164 3216">
     <span class='ocr_line' id='line_1_34' title="bbox 287 2976 1164 3047; baseline 0.003 -14"><span class='ocrx_word' id='word_1_208' title='bbox 287 2976 395 3034; x_wconf 91' lang='lat' dir='ltr'>intenti</span> <span class='ocrx_word' id='word_1_209' title='bbox 411 2977 482 3035; x_wconf 89' lang='lat' dir='ltr'>ludo</span> <span class='ocrx_word' id='word_1_210' title='bbox 499 2992 637 3035; x_wconf 80' lang='lat' dir='ltr'>exercent</span> <span class='ocrx_word' id='word_1_211' title='bbox 646 3001 655 3047; x_wconf 92' lang='lat'>;</span> <span class='ocrx_word' id='word_1_212' title='bbox 677 2977 729 3035; x_wconf 92' lang='lat' dir='ltr'>ille</span> <span class='ocrx_word' id='word_1_213' title='bbox 744 2993 823 3036; x_wconf 87' lang='lat' dir='ltr'>actus</span> <span class='ocrx_word' id='word_1_214' title='bbox 838 2976 951 3035; x_wconf 86' lang='lat' dir='ltr'>habena</span> <span class='ocrx_word' id='word_1_215' title='bbox 1122 2994 1164 3045; x_wconf 76' lang='lat'>380</span> 
     </span>
     <span class='ocr_line' id='line_1_35' title="bbox 288 3057 971 3136; baseline 0.003 -22"><span class='ocrx_word' id='word_1_216' title='bbox 288 3057 413 3115; x_wconf 86' lang='lat' dir='ltr'>curvatis</span> <span class='ocrx_word' id='word_1_217' title='bbox 428 3058 521 3116; x_wconf 89' lang='lat' dir='ltr'>fertur</span> <span class='ocrx_word' id='word_1_218' title='bbox 535 3057 651 3136; x_wconf 79' lang='lat' dir='ltr'>spatiis3</span> <span class='ocrx_word' id='word_1_219' title='bbox 673 3072 769 3135; x_wconf 86' lang='lat' dir='ltr'>stupet</span> <span class='ocrx_word' id='word_1_220' title='bbox 783 3057 874 3116; x_wconf 87' lang='lat' dir='ltr'>inscia</span> <span class='ocrx_word' id='word_1_221' title='bbox 889 3077 971 3134; x_wconf 86' lang='lat' dir='ltr'>supra</span> 
     </span>
     <span class='ocr_line' id='line_1_36' title="bbox 288 3135 999 3216; baseline 0.001 -22"><span class='ocrx_word' id='word_1_222' title='bbox 288 3135 470 3216; x_wconf 88' lang='lat' dir='ltr'>inpubesque</span> <span class='ocrx_word' id='word_1_223' title='bbox 484 3158 595 3210; x_wconf 88' lang='lat' dir='ltr'>manus,</span> <span class='ocrx_word' id='word_1_224' title='bbox 611 3138 712 3196; x_wconf 87' lang='lat' dir='ltr'>mirata</span> <span class='ocrx_word' id='word_1_225' title='bbox 727 3138 856 3197; x_wconf 89' lang='lat' dir='ltr'>volubile</span> <span class='ocrx_word' id='word_1_226' title='bbox 869 3138 999 3204; x_wconf 81' lang='lat' dir='ltr'>buxum3</span> 
     </span>
    </p>

    <p class='ocr_par' dir='ltr' id='par_1_21' title="bbox 287 3217 998 3297">
     <span class='ocr_line' id='line_1_37' title="bbox 287 3217 998 3297; baseline 0.001 -23"><span class='ocrx_word' id='word_1_227' title='bbox 287 3218 360 3274; x_wconf 92' lang='lat' dir='ltr'>dant</span> <span class='ocrx_word' id='word_1_228' title='bbox 374 3217 485 3277; x_wconf 90' lang='lat' dir='ltr'>animos</span> <span class='ocrx_word' id='word_1_229' title='bbox 499 3219 619 3297; x_wconf 85' lang='lat' dir='ltr'>plagae:</span> <span class='ocrx_word' id='word_1_230' title='bbox 641 3239 701 3276; x_wconf 89' lang='lat' dir='ltr'>non</span> <span class='ocrx_word' id='word_1_231' title='bbox 716 3239 800 3277; x_wconf 89' lang='lat' dir='ltr'>cursu</span> <span class='ocrx_word' id='word_1_232' title='bbox 815 3218 931 3295; x_wconf 88' lang='lat' dir='ltr'>segnior</span> <span class='ocrx_word' id='word_1_233' title='bbox 945 3217 998 3275; x_wconf 88' lang='lat' dir='ltr'>illo</span> 
     </span>
    </p>

    <p class='ocr_par' dir='ltr' id='par_1_22' title="bbox 287 3297 998 3377">
     <span class='ocr_line' id='line_1_38' title="bbox 287 3297 998 3377; baseline 0.003 -22"><span class='ocrx_word' id='word_1_234' title='bbox 287 3317 340 3375; x_wconf 89' lang='lat' dir='ltr'>per</span> <span class='ocrx_word' id='word_1_235' title='bbox 353 3297 463 3356; x_wconf 87' lang='lat' dir='ltr'>medias</span> <span class='ocrx_word' id='word_1_236' title='bbox 479 3299 563 3357; x_wconf 90' lang='lat' dir='ltr'>urbes</span> <span class='ocrx_word' id='word_1_237' title='bbox 578 3299 670 3374; x_wconf 88' lang='lat' dir='ltr'>agitur</span> <span class='ocrx_word' id='word_1_238' title='bbox 684 3297 863 3377; x_wconf 89' lang='lat' dir='ltr'>populosque</span> <span class='ocrx_word' id='word_1_239' title='bbox 877 3299 998 3357; x_wconf 85' lang='lat' dir='ltr'>feroces.</span> 
     </span>
    </p>

    <p class='ocr_par' dir='ltr' id='par_1_23' title="bbox 509 3393 896 3455">
     <span class='ocr_line' id='line_1_39' title="bbox 509 3393 896 3455; baseline 0.005 -16"><span class='ocrx_word' id='word_1_240' title='bbox 509 3404 553 3455; x_wconf 77' lang='lat'>351</span> <span class='ocrx_word' id='word_1_241' title='bbox 572 3393 667 3453; x_wconf 79' lang='lat' dir='ltr'>spirans.</span> <span class='ocrx_word' id='word_1_242' title='bbox 735 3405 782 3454; x_wconf 77' lang='lat'>370</span> <span class='ocrx_word' id='word_1_243' title='bbox 798 3407 896 3453; x_wconf 83' lang='lat' dir='ltr'>poscere.</span> 
     </span>
    </p>
   </div>
   <div class='ocr_carea' id='block_1_4' title="bbox 0 0 1288 4114">
    <p class='ocr_par' dir='ltr' id='par_1_24' title="bbox 0 0 1288 4114">
     <span class='ocr_line' id='line_1_40' title="bbox 0 0 1288 4114; baseline 0 0"><span class='ocrx_word' id='word_1_244' title='bbox 0 0 1288 4114; x_wconf 95' lang='lat' dir='ltr'> </span> 
     </span>
    </p>
   </div>
  </div>
 </body>
</html>
