2562 4114
268 350 314 402 288
539 349 568 400 P.
585 349 727 399 VERGILI
745 350 903 400 Mnttortts

307 497 337 541 et
351 481 438 540 funus
452 482 579 540 lacerum
595 480 682 540 tellus
695 480 803 540 habet?
843 481 899 542 hoc
914 481 986 541 mihi
1000 482 1035 542 de
1050 500 1091 556 te,
1140 516 1178 556 49¹
1273 515 1274 560 q

307 577 387 634 nate,
400 562 510 621 refers?
531 563 587 622 hoc
602 581 665 620 sum
680 576 812 639 terraque
826 562 955 641 marique
970 571 1091 624 secuta?
1273 575 1274 578 ’

307 643 386 720 figite
401 663 458 716 me,
473 641 496 701 si
511 662 567 722 qua
581 658 624 702 est
638 642 738 721 pietas,
752 642 783 701 in
798 663 845 702 me
859 643 957 702 omnia
972 645 1029 704 tela

307 723 444 794 conicite,
458 743 476 782 o
491 723 605 794 Rutuli,
621 743 669 782 me
682 723 806 801 primam
820 723 962 784 absumite
976 725 1073 784 ferro:

307 820 356 865 aut
371 821 413 876 tu,
427 823 531 878 magne
547 804 631 863 Pater
645 803 753 875 divom,
767 804 914 876 miserere,
928 819 1037 884 tuoque

241 905 243 910 ’
306 886 433 946 invisum
447 886 504 944 hoc
518 884 639 945 detrude
654 900 740 962 caput
754 885 807 944 sub
822 886 945 944 Tartara
958 888 1027 959 telo,

307 967 424 1046 quando
439 965 523 1024 aliter
536 985 650 1044 nequeo
664 964 812 1024 crudelem
827 966 995 1046 abrumpere
1010 967 1121 1028 vitam?

306 1051 362 1108 boc
377 1046 448 1106 fletu
463 1046 593 1106 concussi
608 1046 708 1117 animi,
721 1061 903 1124 maestusque
916 1068 968 1124 per
981 1068 1083 1108 omnes

307 1129 330 1188 it
344 1128 465 1204 gemitus
478 1151 488 1196 ς
510 1143 627 1205 torpent
640 1127 780 1185 infractae
795 1128 831 1186 ad
845 1127 953 1206 proelia
967 1128 1050 1189 vires.

307 1209 388 1268 illam
403 1208 610 1267 incendentem
624 1208 721 1266 luctus
735 1207 837 1266 Idaeus
852 1224 883 1266 et
896 1208 985 1267 Actor

307 1289 414 1348 Ilionei
429 1290 544 1348 monitu
558 1305 588 1348 et
601 1289 727 1348 multum
742 1288 919 1348 lacrimantis
933 1289 992 1348 Iuli

307 1369 468 1448 corripiunt
483 1369 617 1449 interque
632 1389 733 1428 manus
749 1369 892 1428 subrecta
906 1386 1062 1448 reponunt.

348 1466 377 1509 at
391 1450 461 1509 tuba
476 1450 637 1509 terribilem
651 1450 778 1509 sonitum
792 1451 892 1528 procul
906 1471 971 1509 aere
985 1471 1092 1510 canoro

307 1531 473 1608 increpuit3
494 1530 624 1610 sequitur
637 1532 745 1590 clamor
760 1531 928 1610 caelumque
943 1533 1077 1608 remugit.

306 1612 473 1671 adcelerant
487 1627 550 1670 acta
563 1611 670 1690 pariter
684 1612 829 1671 testudine
843 1612 951 1682 Volsci,

307 1707 337 1752 et
351 1693 438 1750 fossas
452 1691 564 1771 inplere
578 1708 681 1771 parant
695 1712 728 1752 ac
742 1693 848 1751 vellere
862 1693 980 1752 vallum.

306 1788 449 1853 quaerunt
463 1794 527 1852 pars
542 1774 653 1833 aditum
668 1789 697 1833 et
712 1773 794 1832 scalis
809 1772 961 1832 ascendere
975 1793 1083 1847 muros,

306 1875 364 1934 qua
377 1875 439 1912 rara
453 1869 496 1913 est
510 1854 585 1912 acies
599 1854 812 1934 interlucetque
827 1873 932 1912 corona

307 1955 367 1995 non
382 1951 442 1995 tam
456 1935 543 2013 spissa
556 1935 633 1994 viris.
675 1935 798 1994 telorum
813 1935 961 1994 effundere
975 1950 1077 1994 contra

306 2036 392 2075 omne
407 2035 498 2091 genus
512 2016 622 2074 Teucri
638 2036 670 2075 ac
686 2017 762 2075 duris
777 2016 929 2075 detrudere
943 2015 1049 2087 contis,
1134 2046 1173 2084 510

307 2097 417 2156 adsueti
433 2096 521 2172 longo
534 2117 628 2155 muros
643 2097 798 2154 defendere
812 2097 900 2156 bello.

306 2197 372 2236 sara
387 2197 501 2256 quoque
515 2176 621 2237 infesto
635 2177 791 2236 volvebant
804 2178 942 2255 pondere,
957 2176 980 2236 si
995 2197 1052 2256 qua

305 2273 422 2336 possent
436 2272 543 2316 tectam
557 2257 651 2316 aciem
664 2277 859 2336 perrumpere,
875 2278 942 2316 cum
959 2273 1056 2317 tamen
1070 2277 1171 2317 omnes

306 2338 380 2396 ferre
395 2337 474 2397 iuvat
488 2338 585 2397 subter
599 2338 688 2398 densa
702 2337 845 2396 testudine
861 2359 950 2398 casus.

306 2439 360 2478 nee
376 2417 432 2477 iam
447 2419 602 2478 sufficiunt.
644 2439 711 2478 nam
726 2439 782 2498 qua
794 2418 895 2493 globus
909 2419 1035 2478 inminet
1048 2418 1163 2497 ingens,

305 2499 453 2557 inmanem
468 2499 577 2558 Teucri
592 2500 700 2559 molem
714 2499 893 2579 volvuntque
907 2515 1064 2578 ruuntque,

305 2600 377 2658 quae
392 2579 489 2639 stravit
505 2580 628 2638 Rutulos
641 2579 699 2638 late
712 2600 913 2660 armorumque
927 2579 1044 2640 resolvit

305 2660 441 2736 tegmina.
483 2679 537 2718 nec
553 2676 655 2720 curant
669 2680 756 2720 caeco
769 2661 946 2720 contendere
961 2661 1060 2720 Marte

305 2741 427 2818 amplius
442 2739 560 2798 audaces
576 2739 690 2813 Rutuli,
704 2740 754 2799 sed
767 2742 876 2820 pellere
890 2741 968 2800 vallo

304 2821 459 2881 missilibus
472 2836 594 2880 certant.

304 2916 382 2978 parte
397 2901 452 2961 alia
465 2902 625 2960 horrendus
638 2901 701 2960 visu
716 2903 867 2981 quassabat
881 2903 1030 2961 Etruscam

303 2982 407 3058 pinum
421 2997 451 3040 et
464 2982 613 3042 fumiferos
627 2982 716 3041 infert
732 2982 922 3042 Mezentius'
914 3002 1013 3058 ignes
1005 3026 1014 3052 ,

304 3076 331 3119 at
347 3061 498 3140 Messapus
513 3083 621 3141 equum
634 3063 769 3134 domitor,
783 3063 937 3141 Neptunia
950 3063 1056 3156 proles,

304 3141 442 3201 rescindit
455 3144 565 3203 vallum
580 3159 610 3203 et
624 3143 734 3202 scalas'
726 3165 757 3202 1n
772 3143 886 3202 moenia
900 3142 1004 3236 poscit..

343 3241 404 3293 vos,
417 3244 435 3281 o
450 3223 594 3302 Calliope,
610 3245 720 3302 precor,
735 3223 874 3302 adspirate
889 3223 1015 3294 canenti,

303 3321 372 3379 quas
386 3301 427 3360 ibi
443 3317 505 3361 tum
520 3303 596 3363 ferro
611 3320 723 3380 strages,
738 3324 812 3383 quae
826 3304 929 3364 funera
944 3304 1066 3362 Turnus
