2568 4114
431 367 599 416 hunnoos
617 368 681 416 utu.
698 367 750 416 v11
962 408 964 416 .
995 384 1042 432 23³

179 518 287 558 nomen
303 498 334 557 in
349 513 421 558 astra
436 498 540 569 ferant,
554 518 735 576 quorumque
751 498 785 556 ab
800 498 888 576 stirpe
902 516 1022 577 nepotes

179 580 278 640 omnia
292 579 344 638 sub
358 579 491 657 pedibus,
506 599 562 657 qua
578 578 625 638 Sol
642 593 797 657 utrumque
811 599 960 639 recurrens
1007 611 1045 639 ιω

179 660 281 739 aspicit
297 661 460 731 Oceanum,
474 659 607 738 vertique
623 660 740 738 regique
754 658 914 720 videbunt?

178 745 251 801 haec
266 761 400 819 respousa
414 740 502 818 patris
516 740 607 800 Fauni
624 740 808 819 monitusque
822 740 920 800 silenti

179 838 267 882 nocte
282 821 362 880 datos
378 842 438 880 non
453 822 515 900 ipse
529 843 580 881 suo
594 822 702 900 premit
716 842 765 880 ore
780 821 911 895 Latinus,

179 903 230 962 sed
244 902 354 962 circum
369 903 427 961 late
441 903 565 961 volitans
579 903 637 961 iam
652 903 739 961 Fama
753 923 805 980 per
820 903 903 962 urbes

177 983 319 1042 Ausonias
334 984 448 1055 tulerat,
464 1003 530 1042 cum
545 983 756 1042 Laomedontia
769 984 859 1061 pubes

178 1063 326 1140 gramineo
340 1063 418 1142 ripae
433 1063 565 1139 religavit
579 1064 615 1122 ab
630 1084 731 1140 aggere
746 1065 875 1124 classem.

218 1146 334 1204 Aeneas
347 1144 492 1223 primique
507 1145 595 1203 duces
611 1161 640 1203 et
653 1145 777 1223 pulcher
791 1145 872 1204 Iulus

179 1246 297 1304 corpora
312 1226 364 1284 sub
379 1225 463 1284 ramis
479 1225 632 1303 deponunt
646 1225 750 1284 arboris
765 1226 850 1297 altae,

179 1306 395 1384 instituuntque
409 1306 506 1384 dape-s,
522 1321 551 1365 et
565 1306 670 1365 adorea
684 1305 742 1364 liba
756 1327 807 1384 per
821 1307 940 1366 herbam

179 1387 328 1446 subiciunt
343 1386 516 1465 epulis-sic
532 1386 665 1465 Iuppiter
679 1387 731 1446 ille
745 1388 926 1446 monebat—
1007 1417 1045 1445 no

181 1483 210 1527 et
225 1468 348 1526 Cereale
363 1468 456 1527 solum
470 1467 563 1546 pomis
578 1467 733 1544 agrestibus
748 1483 864 1543 augent.

180 1548 358 1627 consumptis
372 1548 421 1608 hic
437 1549 512 1608 forte
527 1549 600 1621 aliis,
616 1564 648 1608 ut
662 1564 774 1607 vertere
788 1568 898 1608 morsus

181 1629 313 1705 exiguam
327 1630 359 1688 in
375 1630 513 1690 Cererem
527 1629 648 1707 penuria
663 1629 760 1706 adegit
775 1629 890 1702 edendi,

181 1725 210 1769 et
223 1711 330 1770 violare
345 1731 432 1770 manu
447 1711 588 1789 malisque
603 1709 759 1768 audacibus
774 1710 873 1769 orbem

179 1791 273 1850 fatalis
288 1792 385 1864 crusti,
400 1791 507 1870 patulis
523 1811 577 1849 nec
592 1810 708 1868 parcere
723 1790 847 1868 quadris,

159 1873 259 1944 ‘heus,
275 1871 363 1930 etiam
378 1892 489 1930 mensas
503 1869 699 1929 consumimus
712 1869 736 1928 l’
750 1869 846 1947 inquit
860 1870 963 1942 Iulus;

179 1972 233 2010 nec
248 1952 332 2030 plura
346 1952 497 2010 adludens.
539 1971 572 2010 ea
586 1969 643 2008 vox
657 1949 753 2009 audita
768 1950 899 2009 laborum

177 2033 271 2111 prima
287 2032 356 2092 tulit
370 2031 467 2102 finem,
483 2031 663 2109 primamque
678 2031 823 2109 loquentis
838 2031 873 2090 ab
887 2051 936 2091 ore

178 2113 286 2191 eripuit
300 2127 427 2191 paterae
443 2112 618 2189 stupefactus
633 2111 755 2171 numine
769 2112 881 2190 pressit.

178 2192 329 2266 continuo,
345 2193 441 2250 ‘salve
455 2192 522 2250 fatis
538 2191 612 2251 mihi
627 2192 726 2252 debita
741 2194 837 2266 tellus,
1007 2223 1045 2252 tao

177 2271 304 2352 vosque‚'
317 2272 367 2346 ait,
382 2279 418 2332 ‘o
433 2273 482 2332 lidi
498 2273 606 2332 Troiae
622 2273 730 2333 salvete
746 2274 878 2334 Penates.

176 2355 225 2416 hic
262 2355 373 2427 domus,
400 2357 474 2414 haec
504 2354 597 2433 patria
633 2370 685 2414 est.
725 2354 840 2430 genitor
867 2354 940 2413 mihi
976 2353 1045 2414 talia

260 2455 427 2514 namque—
840 2485 842 2492 ,

179 2536 258 2574 nunc
273 2515 555 2594 repeto-Anchises
571 2516 697 2574 fatorum
713 2535 815 2575 arcana
831 2515 970 2594 reliquit:

149 2600 245 2655 “cum
261 2611 298 2669 te,
315 2613 389 2668 nate,
405 2597 493 2656 fames
508 2597 605 2673 ignota
619 2597 655 2655 ad
669 2597 751 2656 litora
764 2612 882 2657 vectum

178 2676 277 2736 accisis
292 2693 376 2754 coget
390 2678 512 2756 dapibus
526 2696 695 2736 consumere
710 2699 829 2751 mensas,

179 2772 242 2817 tum
257 2779 367 2836 sperare
380 2759 480 2818 domos
494 2759 618 2817 defessus
633 2758 732 2838 ibique
747 2774 894 2817 memento

178 2838 270 2915 prima
284 2839 379 2898 locare
393 2859 481 2897 manu
496 2838 651 2917 molirique
667 2858 767 2915 aggere
783 2838 884 2899 tecta.”

178 2919 251 2976 haec
267 2935 326 2978 erat
340 2919 391 2977 illa
406 2920 495 2978 fames
508 2945 518 2991 ;
538 2921 610 2979 haec
626 2940 678 2977 nos
693 2939 825 2998 suprema
840 2918 985 2991 manebat,

178 2997 275 3056 exitiis
289 2999 414 3078 positura
430 3002 558 3060 modum.

178 3099 266 3156 quare
280 3079 365 3156 agite,
381 3096 410 3138 et
424 3082 518 3159 primo
533 3081 602 3140 laeti
618 3101 685 3140 cum
700 3080 812 3140 lumine
826 3080 903 3152 solis,
1006 3109 1044 3148 130

178 3179 251 3236 quae
266 3159 340 3232 loca,
352 3159 438 3238 quive
452 3161 578 3220 habeant
593 3161 735 3234 homines,
748 3160 797 3220 ubi
811 3161 929 3221 moenia
939 3160 1041 3238 gentis,

177 3239 358 3316 vestigemus,
374 3256 403 3300 et
417 3263 433 3300 a
448 3257 531 3319 portu
546 3242 659 3300 diversa
674 3257 813 3319 petamus.

178 3339 257 3378 nunc
272 3335 383 3397 pateras
397 3321 487 3382 libate
502 3322 574 3394 Iovi,
589 3321 781 3401 precibusque
796 3338 896 3382 vocate

432 3430 477 3464 tro
494 3416 548 3478 ipre.
617 3415 661 3464 128
678 3417 812 3467 manebunt.
