2558 4112
446 333 614 383 nnusrnos
631 334 694 385 rua.
711 337 723 384 1
1010 350 1041 403 95

174 465 286 525 circum
301 464 423 522 claustra
437 463 565 522 fremunt
580 488 589 534 ς
611 465 685 522 celsa
700 465 778 524 sedet
791 466 900 525 Aeolus
915 487 979 526 arce

174 561 286 624 sceptra
300 560 411 614 tenens,
427 544 579 623 mollitque
595 545 704 604 animos
718 562 748 604 et
763 562 902 623 temperat
917 547 970 606 iras
986 570 993 607 :

174 627 206 686 ni
220 625 314 696 faciat,
331 625 419 683 maria
432 645 464 683 ac
481 642 566 684 terras
581 627 750 705 caelumque
765 627 943 703 profundum

174 707 282 788 quippe
297 706 391 764 ferant
405 706 495 784 rapidi
511 725 609 765 secum
625 723 795 786 verrantque
809 728 861 785 per
875 729 953 768 auras
969 731 976 768 :

174 788 224 847 sed
240 789 324 847 Pater
337 786 519 868 omnipotens
535 788 678 864 speluncis
694 788 803 847 abdidit
817 789 884 847 atris
1019 807 1045 850 σο

174 872 229 930 hoc
246 884 387 938 metuens,
403 868 568 946 molemque
583 885 612 927 et
627 885 740 928 montes
753 869 871 946 insuper
884 870 955 929 altos

174 949 310 1029 inposuit,
325 969 480 1028 regemque
494 949 582 1020 dedit,
599 949 647 1028 qui
663 950 778 1008 foedere
793 966 873 1008 certo

174 1047 204 1090 et
217 1050 347 1108 premere
362 1046 392 1090 et
406 1031 482 1089 laxas
498 1030 582 1088 sciret
596 1031 662 1088 dare
677 1031 766 1089 iussus
781 1031 914 1090 habenas.

173 1112 209 1170 ad
224 1131 311 1190 quem
326 1127 389 1170 tum
404 1111 480 1169 Iuno
494 1111 616 1188 supplex
630 1111 673 1168 his
689 1111 808 1171 vocibus
823 1131 872 1170 usa
886 1125 949 1171 est:

138 1226 144 1235 ·
216 1192 335 1263 ‘Aeole,
350 1212 474 1271 namque
493 1191 545 1250 tibi
564 1192 661 1250 divom
680 1193 763 1252 Pater
784 1209 870 1272 atque
891 1192 1043 1252 hominum

254 1293 305 1330 rex

173 1369 202 1414 et
217 1353 346 1412 mulcere
360 1353 440 1412 dedit
455 1353 560 1412 fluctus
575 1369 604 1412 et
622 1353 723 1412 tollere
738 1369 834 1424 vento,

173 1455 242 1510 gens
257 1434 375 1493 inimica
390 1435 462 1493 mihi
477 1435 667 1512 Tyrrhenum
682 1434 795 1510 navigat
810 1454 925 1513 aequor,

173 1516 263 1574 Ilium
278 1515 309 1574 in
324 1515 438 1574 Italiam
453 1532 567 1593 portans
582 1515 729 1595 victosque
746 1517 868 1576 Penates
883 1537 890 1574 r

173 1597 273 1657 incute
289 1597 349 1655 vim
363 1595 456 1655 ventis
472 1597 686 1676 submersasque
701 1598 789 1656 obrue
805 1617 924 1674 puppes,

173 1695 222 1739 aut
237 1698 287 1754 age
302 1678 426 1736 diversos
441 1693 470 1737 et
484 1677 572 1737 disice
588 1695 705 1755 corpora
719 1693 819 1755 ponto.
1017 1707 1044 1746 70

174 1775 240 1818 sunt
254 1759 327 1818 mihi
342 1759 384 1817 bis
399 1774 510 1837 septem
524 1759 679 1837 praestanti
694 1779 812 1835 corpore
827 1759 993 1834 Nymphae,

173 1861 293 1920 quarum
308 1860 381 1918 quae
396 1839 487 1897 forma
501 1839 695 1916 pulcherrima
709 1838 848 1915 Deiopea,

174 1921 300 1980 conubio
314 1919 431 1996 iungam
446 1920 540 1978 stabili
555 1919 758 1998 propriamque
772 1919 884 1990 dicabo,

173 2021 273 2060 omnes
288 2018 321 2060 ut
335 2017 433 2060 tecum
448 2000 555 2059 meritis
571 2021 622 2078 pro
637 2000 740 2059 talibus
755 2020 843 2058 annos

174 2081 267 2158 exigat
282 2098 312 2140 et
325 2082 447 2160 pulchra
462 2081 548 2140 faciat
563 2097 590 2139 te
606 2082 685 2159 prole
700 2079 865 2158 parentem.'

214 2163 323 2222 Aeolus
337 2164 408 2222 haec
424 2178 523 2221 contra
539 2185 546 2221 ε
569 2169 662 2232 ‘tuus
678 2183 695 2218 o
709 2161 817 2237 regina,
831 2161 901 2240 quid
915 2175 1005 2238 optes,

174 2245 322 2322 explorare
337 2243 417 2301 labor
431 2267 440 2314 ;
462 2242 533 2301 mihi
548 2241 620 2300 iussa
634 2262 779 2319 capessere
793 2242 833 2300 fas
848 2257 900 2300 est.

174 2340 207 2382 tu
221 2323 292 2383 mihi
308 2325 510 2403 quodcumque
525 2325 580 2381 hoc
595 2323 685 2400 regni,
701 2338 732 2382 tu
748 2337 857 2401 sceptra
871 2323 1027 2400 Iovemque

174 2404 321 2476 concilias,
336 2421 367 2464 tu
382 2405 430 2463 das
444 2405 537 2481 epulis
552 2405 722 2463 accumbere
737 2403 842 2472 divom,

173 2485 398 2565 nimborumque
413 2486 481 2544 facis
497 2501 756 2564 tempestatumque
771 2481 937 2561 potentem!
1016 2500 1042 2540 so

213 2568 284 2625 haec
301 2567 350 2625 ubi
365 2566 450 2637 dicta,
467 2587 569 2625 cavum
586 2587 721 2625 conversa
735 2565 852 2643 cuspide
867 2579 997 2622 montem

174 2646 282 2724 inpulit
296 2647 327 2705 in
341 2647 415 2707 latus
431 2670 438 2706 :
459 2668 492 2706 ac
508 2647 588 2706 venti
603 2649 684 2706 velut
697 2647 810 2722 agmine
825 2646 910 2714 facto,

174 2749 230 2806 qua
244 2728 309 2786 data
322 2745 412 2805 porta,
427 2744 516 2787 ruunt
531 2745 560 2786 et
575 2744 660 2787 terras
675 2727 789 2786 turbine
803 2725 936 2804 perflant.

173 2808 333 2868 incubuere
347 2809 426 2878 mari,
443 2825 593 2888 totumque
608 2830 624 2866 a
638 2808 750 2866 sedibus
764 2807 827 2865 imis

174 2895 233 2947 una¹
246 2889 396 2969 Eurusque
411 2891 564 2968 Notusque
580 2906 667 2948 ruunt
683 2889 837 2966 creberque
852 2886 986 2964 procellis

173 2970 300 3042 Africus,
315 2987 343 3028 et
358 2986 449 3029 vastos
464 2972 585 3029 volvunt
600 2970 635 3028 ad
650 2970 732 3029 litora
746 2969 859 3027 lluctus.

173 3050 334 3130 insequitur
348 3052 512 3130 clamorque
527 3052 620 3109 virum
636 3051 793 3129 stridorque
807 3049 973 3109 rudentum.

174 3132 300 3209 eripiunt
315 3132 409 3191 subito
423 3133 513 3191 nubes
529 3133 698 3210 caelumque
713 3131 848 3210 diemque

173 3212 358 3272 Teucrorum
373 3233 409 3272 ex
423 3214 535 3284 oculis;
556 3228 645 3290 ponto
659 3233 717 3270 nor
732 3211 850 3271 incubat
865 3227 932 3270 atra.

173 3292 326 3352 intonuere
341 3294 400 3372 poli
416 3309 445 3354 et
459 3294 564 3353 crebris
578 3293 665 3352 micat
679 3293 792 3368 ignibus
807 3295 912 3361 aether,
1015 3319 1041 3359 90

172 3391 411 3454 praesentemque
426 3375 491 3434 viris
505 3375 651 3434 intentant
665 3375 762 3434 omnia
776 3391 907 3434 mortem.
