<?xml version="1.0" encoding="UTF-8"?>
<!DOCTYPE html PUBLIC "-//W3C//DTD XHTML 1.0 Transitional//EN"
    "http://www.w3.org/TR/xhtml1/DTD/xhtml1-transitional.dtd">
<html xmlns="http://www.w3.org/1999/xhtml" xml:lang="en" lang="en">
 <head>
  <title>
</title>
<meta http-equiv="Content-Type" content="text/html;charset=utf-8" />
  <meta name='ocr-system' content='tesseract 3.04.00' />
  <meta name='ocr-capabilities' content='ocr_page ocr_carea ocr_par ocr_line ocrx_word'/>
</head>
<body>
  <div class='ocr_page' id='page_1' title='image "./bucolicageorgic05virggoog/bucolicageorgic05virggoog_0070.png"; bbox 0 0 2556 4116; ppageno 0'>
   <div class='ocr_carea' id='block_1_1' title="bbox 214 342 1025 410">
    <p class='ocr_par' dir='ltr' id='par_1_1' title="bbox 214 342 1025 410">
     <span class='ocr_line' id='line_1_1' title="bbox 214 342 1025 410; baseline 0.005 -20"><span class='ocrx_word' id='word_1_1' title='bbox 214 342 581 394; x_wconf 83' lang='lat' dir='ltr'>P.VERGIL1MARONIS</span> <span class='ocrx_word' id='word_1_2' title='bbox 600 345 803 395; x_wconf 84' lang='lat' dir='ltr'>GEORGICON</span> <span class='ocrx_word' id='word_1_3' title='bbox 820 347 884 395; x_wconf 89' lang='lat' dir='ltr'>LIB.</span> <span class='ocrx_word' id='word_1_4' title='bbox 900 346 926 394; x_wconf 92' lang='lat'>11</span> <span class='ocrx_word' id='word_1_5' title='bbox 993 359 1025 410; x_wconf 74' lang='lat'>43</span> 
     </span>
    </p>
   </div>
   <div class='ocr_carea' id='block_1_2' title="bbox 149 454 1042 3377">
    <p class='ocr_par' dir='ltr' id='par_1_2' title="bbox 149 454 1042 3377">
     <span class='ocr_line' id='line_1_2' title="bbox 153 454 909 553; baseline 0.003 -21"><span class='ocrx_word' id='word_1_6' title='bbox 153 473 349 551; x_wconf 78' lang='lat' dir='ltr'>silvarumque</span> <span class='ocrx_word' id='word_1_7' title='bbox 364 473 435 531; x_wconf 87' lang='lat' dir='ltr'>aliae</span> <span class='ocrx_word' id='word_1_8' title='bbox 449 493 556 551; x_wconf 90' lang='lat' dir='ltr'>pressos</span> <span class='ocrx_word' id='word_1_9' title='bbox 570 475 732 553; x_wconf 83' lang='lat' dir='ltr'><strong>propaginis</strong></span> <span class='ocrx_word' id='word_1_10' title='bbox 747 496 827 534; x_wconf 90' lang='lat' dir='ltr'>arcus</span> <span class='ocrx_word' id='word_1_11' title='bbox 904 454 909 466; x_wconf 48' lang='lat'>⁸</span> 
     </span>
     <span class='ocr_line' id='line_1_3' title="bbox 154 553 771 633; baseline 0.005 -21"><span class='ocrx_word' id='word_1_12' title='bbox 154 570 324 633; x_wconf 83' lang='lat' dir='ltr'>exspectant</span> <span class='ocrx_word' id='word_1_13' title='bbox 339 569 369 612; x_wconf 93' lang='lat' dir='ltr'>et</span> <span class='ocrx_word' id='word_1_14' title='bbox 383 553 448 612; x_wconf 90' lang='lat' dir='ltr'>viva</span> <span class='ocrx_word' id='word_1_15' title='bbox 462 576 511 613; x_wconf 90' lang='lat' dir='ltr'>sua</span> <span class='ocrx_word' id='word_1_16' title='bbox 524 556 663 633; x_wconf 88' lang='lat' dir='ltr'>plantaria</span> <span class='ocrx_word' id='word_1_17' title='bbox 677 573 771 629; x_wconf 83' lang='lat' dir='ltr'>terra3</span> 
     </span>
     <span class='ocr_line' id='line_1_4' title="bbox 155 635 861 716; baseline 0.003 -22"><span class='ocrx_word' id='word_1_18' title='bbox 155 636 198 694; x_wconf 92' lang='lat' dir='ltr'>nil</span> <span class='ocrx_word' id='word_1_19' title='bbox 214 635 318 693; x_wconf 83' lang='lat' dir='ltr'>radicis</span> <span class='ocrx_word' id='word_1_20' title='bbox 332 649 419 710; x_wconf 89' lang='lat' dir='ltr'>egent</span> <span class='ocrx_word' id='word_1_21' title='bbox 433 635 514 706; x_wconf 89' lang='lat' dir='ltr'>aliae,</span> <span class='ocrx_word' id='word_1_22' title='bbox 530 657 732 716; x_wconf 90' lang='lat' dir='ltr'>summumque</span> <span class='ocrx_word' id='word_1_23' title='bbox 745 653 861 716; x_wconf 89' lang='lat' dir='ltr'>putator</span> 
     </span>
     <span class='ocr_line' id='line_1_5' title="bbox 154 715 916 779; baseline 0.003 -5"><span class='ocrx_word' id='word_1_24' title='bbox 154 716 233 774; x_wconf 92' lang='lat' dir='ltr'>haud</span> <span class='ocrx_word' id='word_1_25' title='bbox 247 715 359 775; x_wconf 89' lang='lat' dir='ltr'>dubitat</span> <span class='ocrx_word' id='word_1_26' title='bbox 374 732 465 775; x_wconf 86' lang='lat' dir='ltr'>terrae</span> <span class='ocrx_word' id='word_1_27' title='bbox 479 717 604 776; x_wconf 87' lang='lat' dir='ltr'>referens</span> <span class='ocrx_word' id='word_1_28' title='bbox 619 719 752 776; x_wconf 90' lang='lat' dir='ltr'>mandare</span> <span class='ocrx_word' id='word_1_29' title='bbox 767 738 916 779; x_wconf 82' lang='lat' dir='ltr'><strong>cacumen.</strong></span> 
     </span>
     <span class='ocr_line' id='line_1_6' title="bbox 154 796 1027 876; baseline 0.005 -22"><span class='ocrx_word' id='word_1_30' title='bbox 154 797 226 876; x_wconf 89' lang='lat' dir='ltr'>quin</span> <span class='ocrx_word' id='word_1_31' title='bbox 243 811 271 855; x_wconf 90' lang='lat' dir='ltr'>et</span> <span class='ocrx_word' id='word_1_32' title='bbox 285 796 452 855; x_wconf 80' lang='lat' dir='ltr'>caudicibus</span> <span class='ocrx_word' id='word_1_33' title='bbox 467 797 720 857; x_wconf 89' lang='lat' dir='ltr'>sectis—mirabile</span> <span class='ocrx_word' id='word_1_34' title='bbox 734 799 857 857; x_wconf 89' lang='lat' dir='ltr'>dictu-</span> <span class='ocrx_word' id='word_1_35' title='bbox 1001 830 1027 869; x_wconf 83' lang='lat'>30</span> 
     </span>
     <span class='ocr_line' id='line_1_7' title="bbox 156 877 744 955; baseline 0.003 -19"><span class='ocrx_word' id='word_1_36' title='bbox 156 877 282 936; x_wconf 88' lang='lat' dir='ltr'>truditur</span> <span class='ocrx_word' id='word_1_37' title='bbox 296 897 312 936; x_wconf 91' lang='lat' dir='ltr'>e</span> <span class='ocrx_word' id='word_1_38' title='bbox 326 877 403 936; x_wconf 88' lang='lat' dir='ltr'>sicco</span> <span class='ocrx_word' id='word_1_39' title='bbox 417 879 498 936; x_wconf 87' lang='lat' dir='ltr'>radix</span> <span class='ocrx_word' id='word_1_40' title='bbox 512 879 640 954; x_wconf 88' lang='lat' dir='ltr'>oleagina</span> <span class='ocrx_word' id='word_1_41' title='bbox 655 879 744 955; x_wconf 89' lang='lat' dir='ltr'>ligno.</span> 
     </span>
     <span class='ocr_line' id='line_1_8' title="bbox 156 958 788 1036; baseline 0.003 -18"><span class='ocrx_word' id='word_1_42' title='bbox 156 973 185 1018; x_wconf 90' lang='lat' dir='ltr'>et</span> <span class='ocrx_word' id='word_1_43' title='bbox 201 978 284 1035; x_wconf 83' lang='lat' dir='ltr'>saepe</span> <span class='ocrx_word' id='word_1_44' title='bbox 298 958 413 1017; x_wconf 88' lang='lat' dir='ltr'>alterius</span> <span class='ocrx_word' id='word_1_45' title='bbox 427 978 518 1017; x_wconf 85' lang='lat' dir='ltr'>ramos</span> <span class='ocrx_word' id='word_1_46' title='bbox 533 959 644 1036; x_wconf 89' lang='lat' dir='ltr'>inpune</span> <span class='ocrx_word' id='word_1_47' title='bbox 659 960 788 1020; x_wconf 86' lang='lat' dir='ltr'>videmus</span> 
     </span>
     <span class='ocr_line' id='line_1_9' title="bbox 156 1038 854 1118; baseline 0.006 -21"><span class='ocrx_word' id='word_1_48' title='bbox 156 1054 269 1098; x_wconf 84' lang='lat' dir='ltr'>vertere</span> <span class='ocrx_word' id='word_1_49' title='bbox 283 1038 314 1096; x_wconf 92' lang='lat' dir='ltr'>in</span> <span class='ocrx_word' id='word_1_50' title='bbox 330 1038 454 1108; x_wconf 88' lang='lat' dir='ltr'>alterius,</span> <span class='ocrx_word' id='word_1_51' title='bbox 470 1055 666 1118; x_wconf 90' lang='lat' dir='ltr'>mutatamque</span> <span class='ocrx_word' id='word_1_52' title='bbox 681 1040 765 1100; x_wconf 90' lang='lat' dir='ltr'>insita</span> <span class='ocrx_word' id='word_1_53' title='bbox 779 1043 854 1101; x_wconf 88' lang='lat' dir='ltr'>mala</span> 
     </span>
     <span class='ocr_line' id='line_1_10' title="bbox 156 1119 922 1198; baseline 0.005 -20"><span class='ocrx_word' id='word_1_54' title='bbox 156 1121 230 1178; x_wconf 88' lang='lat' dir='ltr'>ferre</span> <span class='ocrx_word' id='word_1_55' title='bbox 245 1119 350 1196; x_wconf 89' lang='lat' dir='ltr'>pirum,</span> <span class='ocrx_word' id='word_1_56' title='bbox 366 1135 395 1178; x_wconf 91' lang='lat' dir='ltr'>et</span> <span class='ocrx_word' id='word_1_57' title='bbox 408 1120 508 1198; x_wconf 89' lang='lat' dir='ltr'>prunis</span> <span class='ocrx_word' id='word_1_58' title='bbox 523 1120 648 1197; x_wconf 87' lang='lat' dir='ltr'>lapidosa</span> <span class='ocrx_word' id='word_1_59' title='bbox 662 1122 812 1181; x_wconf 90' lang='lat' dir='ltr'>rubescere</span> <span class='ocrx_word' id='word_1_60' title='bbox 826 1143 922 1182; x_wconf 87' lang='lat' dir='ltr'>corna.</span> 
     </span>
     <span class='ocr_line' id='line_1_11' title="bbox 199 1200 944 1278; baseline 0.005 -20"><span class='ocrx_word' id='word_1_61' title='bbox 199 1220 285 1278; x_wconf 88' lang='lat' dir='ltr'>quare</span> <span class='ocrx_word' id='word_1_62' title='bbox 301 1200 374 1274; x_wconf 89' lang='lat' dir='ltr'>agite</span> <span class='ocrx_word' id='word_1_63' title='bbox 388 1219 405 1256; x_wconf 93' lang='lat' dir='ltr'>o</span> <span class='ocrx_word' id='word_1_64' title='bbox 419 1201 546 1278; x_wconf 89' lang='lat' dir='ltr'>proprios</span> <span class='ocrx_word' id='word_1_65' title='bbox 561 1202 718 1276; x_wconf 83' lang='lat' dir='ltr'>generatim</span> <span class='ocrx_word' id='word_1_66' title='bbox 733 1202 833 1261; x_wconf 85' lang='lat' dir='ltr'>discite</span> <span class='ocrx_word' id='word_1_67' title='bbox 848 1204 944 1262; x_wconf 88' lang='lat' dir='ltr'>cultus</span> 
     </span>
     <span class='ocr_line' id='line_1_12' title="bbox 156 1280 896 1360; baseline 0 -20"><span class='ocrx_word' id='word_1_68' title='bbox 156 1281 307 1357; x_wconf 85' lang='lat' dir='ltr'>agricolae,</span> <span class='ocrx_word' id='word_1_69' title='bbox 323 1281 490 1360; x_wconf 85' lang='lat' dir='ltr'>fructusque</span> <span class='ocrx_word' id='word_1_70' title='bbox 505 1280 579 1339; x_wconf 89' lang='lat' dir='ltr'>feros</span> <span class='ocrx_word' id='word_1_71' title='bbox 594 1282 706 1341; x_wconf 89' lang='lat' dir='ltr'>mollite</span> <span class='ocrx_word' id='word_1_72' title='bbox 720 1284 854 1355; x_wconf 91' lang='lat' dir='ltr'>colendo,</span> <span class='ocrx_word' id='word_1_73' title='bbox 891 1329 896 1340; x_wconf 90' lang='lat'><em>.</em></span> 
     </span>
     <span class='ocr_line' id='line_1_13' title="bbox 155 1361 943 1437; baseline 0.004 -17"><span class='ocrx_word' id='word_1_74' title='bbox 155 1382 214 1421; x_wconf 90' lang='lat' dir='ltr'>neu</span> <span class='ocrx_word' id='word_1_75' title='bbox 229 1382 327 1437; x_wconf 80' lang='lat' dir='ltr'>segnes</span> <span class='ocrx_word' id='word_1_76' title='bbox 342 1361 454 1420; x_wconf 86' lang='lat' dir='ltr'>iaceant</span> <span class='ocrx_word' id='word_1_77' title='bbox 469 1377 568 1421; x_wconf 90' lang='lat' dir='ltr'>terrae.</span> <span class='ocrx_word' id='word_1_78' title='bbox 611 1363 691 1422; x_wconf 85' lang='lat' dir='ltr'>iuvat</span> <span class='ocrx_word' id='word_1_79' title='bbox 705 1364 811 1422; x_wconf 88' lang='lat' dir='ltr'>Ismara</span> <span class='ocrx_word' id='word_1_80' title='bbox 826 1365 943 1424; x_wconf 88' lang='lat' dir='ltr'>Baccho</span> 
     </span>
     <span class='ocr_line' id='line_1_14' title="bbox 156 1443 949 1520; baseline 0.004 -19"><span class='ocrx_word' id='word_1_81' title='bbox 156 1462 307 1501; x_wconf 84' lang='lat' dir='ltr'>conserere</span> <span class='ocrx_word' id='word_1_82' title='bbox 321 1458 406 1520; x_wconf 90' lang='lat' dir='ltr'>atque</span> <span class='ocrx_word' id='word_1_83' title='bbox 421 1443 483 1502; x_wconf 92' lang='lat' dir='ltr'>olea</span> <span class='ocrx_word' id='word_1_84' title='bbox 496 1463 634 1520; x_wconf 90' lang='lat' dir='ltr'>magnum</span> <span class='ocrx_word' id='word_1_85' title='bbox 649 1444 751 1503; x_wconf 89' lang='lat' dir='ltr'>vestire</span> <span class='ocrx_word' id='word_1_86' title='bbox 767 1445 949 1504; x_wconf 88' lang='lat' dir='ltr'>Taburnum.</span> 
     </span>
     <span class='ocr_line' id='line_1_15' title="bbox 155 1523 918 1617; baseline 0.003 -34"><span class='ocrx_word' id='word_1_87' title='bbox 155 1539 247 1602; x_wconf 90' lang='lat' dir='ltr'>tuque</span> <span class='ocrx_word' id='word_1_88' title='bbox 261 1523 335 1594; x_wconf 86' lang='lat' dir='ltr'>ades,</span> <span class='ocrx_word' id='word_1_89' title='bbox 350 1523 560 1617; x_wconf 89' lang='lat' dir='ltr'>inceptumque</span> <span class='ocrx_word' id='word_1_90' title='bbox 573 1545 631 1583; x_wconf 85' lang='lat' dir='ltr'>una</span> <span class='ocrx_word' id='word_1_91' title='bbox 644 1525 766 1584; x_wconf 88' lang='lat' dir='ltr'>decurre</span> <span class='ocrx_word' id='word_1_92' title='bbox 780 1525 918 1597; x_wconf 88' lang='lat' dir='ltr'>laborem,</span> 
     </span>
     <span class='ocr_line' id='line_1_16' title="bbox 155 1605 1026 1682; baseline 0.002 -19"><span class='ocrx_word' id='word_1_93' title='bbox 155 1625 174 1663; x_wconf 93' lang='grc' dir='ltr'>ο</span> <span class='ocrx_word' id='word_1_94' title='bbox 187 1605 287 1675; x_wconf 90' lang='lat' dir='ltr'>decus,</span> <span class='ocrx_word' id='word_1_95' title='bbox 301 1626 318 1663; x_wconf 95' lang='lat' dir='ltr'>o</span> <span class='ocrx_word' id='word_1_96' title='bbox 333 1605 424 1662; x_wconf 85' lang='lat' dir='ltr'>famae</span> <span class='ocrx_word' id='word_1_97' title='bbox 439 1605 542 1664; x_wconf 90' lang='lat' dir='ltr'>merito</span> <span class='ocrx_word' id='word_1_98' title='bbox 556 1627 619 1682; x_wconf 89' lang='lat' dir='ltr'>pars</span> <span class='ocrx_word' id='word_1_99' title='bbox 633 1607 758 1665; x_wconf 85' lang='lat' dir='ltr'>maxima</span> <span class='ocrx_word' id='word_1_100' title='bbox 772 1623 892 1677; x_wconf 90' lang='lat' dir='ltr'>nostrae,</span> <span class='ocrx_word' id='word_1_101' title='bbox 1000 1637 1026 1675; x_wconf 82' lang='lat'>40</span> 
     </span>
     <span class='ocr_line' id='line_1_17' title="bbox 155 1685 874 1764; baseline 0.001 -21"><span class='ocrx_word' id='word_1_102' title='bbox 155 1686 322 1756; x_wconf 86' lang='lat' dir='ltr'>Maecenas,</span> <span class='ocrx_word' id='word_1_103' title='bbox 337 1685 499 1763; x_wconf 88' lang='lat' dir='ltr'>pelagoque</span> <span class='ocrx_word' id='word_1_104' title='bbox 512 1687 612 1744; x_wconf 88' lang='lat' dir='ltr'>volans</span> <span class='ocrx_word' id='word_1_105' title='bbox 626 1687 667 1746; x_wconf 88' lang='lat' dir='ltr'>da</span> <span class='ocrx_word' id='word_1_106' title='bbox 675 1687 740 1745; x_wconf 87' lang='lat' dir='ltr'>vela</span> <span class='ocrx_word' id='word_1_107' title='bbox 754 1687 874 1764; x_wconf 87' lang='lat' dir='ltr'>patenti.</span> 
     </span>
     <span class='ocr_line' id='line_1_18' title="bbox 154 1765 873 1844; baseline -0.001 -19"><span class='ocrx_word' id='word_1_108' title='bbox 154 1787 215 1825; x_wconf 91' lang='lat' dir='ltr'>non</span> <span class='ocrx_word' id='word_1_109' title='bbox 231 1786 284 1841; x_wconf 90' lang='lat' dir='ltr'>ego</span> <span class='ocrx_word' id='word_1_110' title='bbox 298 1781 405 1824; x_wconf 90' lang='lat' dir='ltr'>cuncta</span> <span class='ocrx_word' id='word_1_111' title='bbox 418 1765 490 1824; x_wconf 90' lang='lat' dir='ltr'>meis</span> <span class='ocrx_word' id='word_1_112' title='bbox 504 1766 640 1843; x_wconf 87' lang='lat' dir='ltr'>amplecti</span> <span class='ocrx_word' id='word_1_113' title='bbox 655 1767 782 1825; x_wconf 85' lang='lat' dir='ltr'>versibus</span> <span class='ocrx_word' id='word_1_114' title='bbox 797 1783 873 1844; x_wconf 90' lang='lat' dir='ltr'>opto,</span> 
     </span>
     <span class='ocr_line' id='line_1_19' title="bbox 153 1846 954 1925; baseline 0.001 -20"><span class='ocrx_word' id='word_1_115' title='bbox 153 1867 226 1916; x_wconf 88' lang='lat' dir='ltr'>non,</span> <span class='ocrx_word' id='word_1_116' title='bbox 242 1846 350 1904; x_wconf 89' lang='lat' dir='ltr'>mihi&#39;</span> <span class='ocrx_word' id='word_1_117' title='bbox 329 1867 352 1904; x_wconf 82' lang='lat' dir='ltr'>si</span> <span class='ocrx_word' id='word_1_118' title='bbox 367 1846 483 1922; x_wconf 90' lang='lat' dir='ltr'>linguae</span> <span class='ocrx_word' id='word_1_119' title='bbox 498 1862 618 1905; x_wconf 90' lang='lat' dir='ltr'>centum</span> <span class='ocrx_word' id='word_1_120' title='bbox 632 1847 690 1906; x_wconf 90' lang='lat' dir='ltr'>sint</span> <span class='ocrx_word' id='word_1_121' title='bbox 704 1868 809 1925; x_wconf 84' lang='lat' dir='ltr'>oraque</span> <span class='ocrx_word' id='word_1_122' title='bbox 824 1862 954 1918; x_wconf 90' lang='lat' dir='ltr'>centum,</span> 
     </span>
     <span class='ocr_line' id='line_1_20' title="bbox 154 1926 869 2006; baseline 0.001 -20"><span class='ocrx_word' id='word_1_123' title='bbox 154 1927 250 1986; x_wconf 87' lang='lat' dir='ltr'>ferrea</span> <span class='ocrx_word' id='word_1_124' title='bbox 263 1947 318 1985; x_wconf 84' lang='lat' dir='ltr'>vox</span> <span class='ocrx_word' id='word_1_125' title='bbox 331 1951 341 1998; x_wconf 90' lang='lat'>;</span> <span class='ocrx_word' id='word_1_126' title='bbox 362 1927 426 1985; x_wconf 88' lang='lat' dir='ltr'>ades</span> <span class='ocrx_word' id='word_1_127' title='bbox 441 1941 471 1986; x_wconf 93' lang='lat' dir='ltr'>et</span> <span class='ocrx_word' id='word_1_128' title='bbox 484 1926 570 2006; x_wconf 78' lang='lat' dir='ltr'>primi</span> <span class='ocrx_word' id='word_1_129' title='bbox 563 1927 649 2004; x_wconf 91' lang='lat' dir='ltr'>&#39;lege</span> <span class='ocrx_word' id='word_1_130' title='bbox 664 1927 754 1986; x_wconf 90' lang='lat' dir='ltr'>litoris</span> <span class='ocrx_word' id='word_1_131' title='bbox 768 1948 869 1996; x_wconf 82' lang='lat' dir='ltr'>oram3</span> 
     </span>
     <span class='ocr_line' id='line_1_21' title="bbox 153 2007 873 2070; baseline 0.001 -3"><span class='ocrx_word' id='word_1_132' title='bbox 153 2008 186 2067; x_wconf 90' lang='lat' dir='ltr'>in</span> <span class='ocrx_word' id='word_1_133' title='bbox 201 2007 334 2066; x_wconf 88' lang='lat' dir='ltr'>manibus</span> <span class='ocrx_word' id='word_1_134' title='bbox 349 2024 460 2067; x_wconf 81' lang='lat' dir='ltr'>terrae:</span> <span class='ocrx_word' id='word_1_135' title='bbox 482 2028 541 2067; x_wconf 92' lang='lat' dir='ltr'>non</span> <span class='ocrx_word' id='word_1_136' title='bbox 555 2008 604 2068; x_wconf 87' lang='lat' dir='ltr'>hic</span> <span class='ocrx_word' id='word_1_137' title='bbox 619 2025 648 2068; x_wconf 91' lang='lat' dir='ltr'>te</span> <span class='ocrx_word' id='word_1_138' title='bbox 663 2009 790 2070; x_wconf 89' lang='lat' dir='ltr'>carmine</span> <span class='ocrx_word' id='word_1_139' title='bbox 805 2009 873 2069; x_wconf 89' lang='lat' dir='ltr'>ficto</span> 
     </span>
     <span class='ocr_line' id='line_1_22' title="bbox 153 2088 838 2168; baseline 0.006 -21"><span class='ocrx_word' id='word_1_140' title='bbox 153 2104 242 2168; x_wconf 88' lang='lat' dir='ltr'>atque</span> <span class='ocrx_word' id='word_1_141' title='bbox 256 2109 309 2166; x_wconf 92' lang='lat' dir='ltr'>per</span> <span class='ocrx_word' id='word_1_142' title='bbox 323 2088 454 2165; x_wconf 84' lang='lat' dir='ltr'>ambages</span> <span class='ocrx_word' id='word_1_143' title='bbox 468 2105 497 2148; x_wconf 93' lang='lat' dir='ltr'>et</span> <span class='ocrx_word' id='word_1_144' title='bbox 511 2090 596 2165; x_wconf 88' lang='lat' dir='ltr'>longa</span> <span class='ocrx_word' id='word_1_145' title='bbox 611 2111 708 2149; x_wconf 86' lang='lat' dir='ltr'>exorsa</span> <span class='ocrx_word' id='word_1_146' title='bbox 723 2091 838 2151; x_wconf 88' lang='lat' dir='ltr'>tenebo.</span> 
     </span>
     <span class='ocr_line' id='line_1_23' title="bbox 197 2169 883 2248; baseline 0.006 -21"><span class='ocrx_word' id='word_1_147' title='bbox 197 2186 300 2248; x_wconf 91' lang='lat' dir='ltr'>sponte</span> <span class='ocrx_word' id='word_1_148' title='bbox 316 2190 364 2228; x_wconf 86' lang='lat' dir='ltr'>sua</span> <span class='ocrx_word' id='word_1_149' title='bbox 379 2191 451 2248; x_wconf 90' lang='lat' dir='ltr'>quae</span> <span class='ocrx_word' id='word_1_150' title='bbox 466 2190 494 2229; x_wconf 91' lang='lat' dir='ltr'>se</span> <span class='ocrx_word' id='word_1_151' title='bbox 509 2171 617 2229; x_wconf 92' lang='lat' dir='ltr'>tollunt</span> <span class='ocrx_word' id='word_1_152' title='bbox 631 2169 662 2228; x_wconf 90' lang='lat' dir='ltr'>in</span> <span class='ocrx_word' id='word_1_153' title='bbox 677 2171 797 2230; x_wconf 88' lang='lat' dir='ltr'>luminis</span> <span class='ocrx_word' id='word_1_154' title='bbox 812 2194 883 2243; x_wconf 88' lang='lat' dir='ltr'>oras,</span> 
     </span>
     <span class='ocr_line' id='line_1_24' title="bbox 154 2249 902 2329; baseline 0.004 -21"><span class='ocrx_word' id='word_1_155' title='bbox 154 2249 314 2309; x_wconf 89' lang='lat' dir='ltr'>infecunda</span> <span class='ocrx_word' id='word_1_156' title='bbox 328 2250 455 2329; x_wconf 90' lang='lat' dir='ltr'>quidem,</span> <span class='ocrx_word' id='word_1_157' title='bbox 470 2251 518 2310; x_wconf 93' lang='lat' dir='ltr'>sed</span> <span class='ocrx_word' id='word_1_158' title='bbox 533 2251 606 2310; x_wconf 87' lang='lat' dir='ltr'>laeta</span> <span class='ocrx_word' id='word_1_159' title='bbox 620 2266 649 2309; x_wconf 93' lang='lat' dir='ltr'>et</span> <span class='ocrx_word' id='word_1_160' title='bbox 664 2251 748 2310; x_wconf 87' lang='lat' dir='ltr'>fortia</span> <span class='ocrx_word' id='word_1_161' title='bbox 762 2268 902 2328; x_wconf 86' lang='lat' dir='ltr'>surgunt;</span> 
     </span>
     <span class='ocr_line' id='line_1_25' title="bbox 153 2331 1025 2412; baseline 0.002 -23"><span class='ocrx_word' id='word_1_162' title='bbox 153 2331 264 2410; x_wconf 89' lang='lat' dir='ltr'>quippe</span> <span class='ocrx_word' id='word_1_163' title='bbox 276 2332 335 2390; x_wconf 93' lang='lat' dir='ltr'>solo</span> <span class='ocrx_word' id='word_1_164' title='bbox 345 2348 446 2391; x_wconf 89' lang='lat' dir='ltr'>natura</span> <span class='ocrx_word' id='word_1_165' title='bbox 457 2331 563 2392; x_wconf 88' lang='lat' dir='ltr'>subest.</span> <span class='ocrx_word' id='word_1_166' title='bbox 603 2347 701 2390; x_wconf 89' lang='lat' dir='ltr'>tamen</span> <span class='ocrx_word' id='word_1_167' title='bbox 713 2332 783 2390; x_wconf 91' lang='lat' dir='ltr'>haec</span> <span class='ocrx_word' id='word_1_168' title='bbox 795 2352 920 2412; x_wconf 87' lang='lat' dir='ltr'>quoque,</span> <span class='ocrx_word' id='word_1_169' title='bbox 929 2331 951 2390; x_wconf 92' lang='lat' dir='ltr'>si</span> <span class='ocrx_word' id='word_1_170' title='bbox 962 2331 1025 2410; x_wconf 90' lang='lat' dir='ltr'>quis</span> 
     </span>
     <span class='ocr_line' id='line_1_26' title="bbox 153 2412 1025 2482; baseline 0.001 -12"><span class='ocrx_word' id='word_1_171' title='bbox 153 2413 261 2471; x_wconf 89' lang='lat' dir='ltr'>inserat</span> <span class='ocrx_word' id='word_1_172' title='bbox 275 2428 324 2471; x_wconf 91' lang='lat' dir='ltr'>aut</span> <span class='ocrx_word' id='word_1_173' title='bbox 339 2413 486 2472; x_wconf 90' lang='lat' dir='ltr'>scrobibus</span> <span class='ocrx_word' id='word_1_174' title='bbox 500 2412 618 2472; x_wconf 91' lang='lat' dir='ltr'>mandet</span> <span class='ocrx_word' id='word_1_175' title='bbox 633 2426 742 2471; x_wconf 90' lang='lat' dir='ltr'>mutata</span> <span class='ocrx_word' id='word_1_176' title='bbox 756 2412 890 2482; x_wconf 91' lang='lat' dir='ltr'>subactis,</span> <span class='ocrx_word' id='word_1_177' title='bbox 1000 2441 1025 2480; x_wconf 81' lang='lat'>50</span> 
     </span>
     <span class='ocr_line' id='line_1_27' title="bbox 154 2491 932 2572; baseline -0.005 -19"><span class='ocrx_word' id='word_1_178' title='bbox 154 2493 291 2553; x_wconf 87' lang='lat' dir='ltr'>exuerint</span> <span class='ocrx_word' id='word_1_179' title='bbox 304 2493 463 2552; x_wconf 88' lang='lat' dir='ltr'>silvestrem</span> <span class='ocrx_word' id='word_1_180' title='bbox 478 2494 617 2568; x_wconf 87' lang='lat' dir='ltr'>animum,</span> <span class='ocrx_word' id='word_1_181' title='bbox 633 2494 773 2572; x_wconf 90' lang='lat' dir='ltr'>cultuque</span> <span class='ocrx_word' id='word_1_182' title='bbox 788 2491 932 2570; x_wconf 88' lang='lat' dir='ltr'>frequenti</span> 
     </span>
     <span class='ocr_line' id='line_1_28' title="bbox 152 2575 945 2653; baseline -0.001 -19"><span class='ocrx_word' id='word_1_183' title='bbox 152 2575 187 2634; x_wconf 90' lang='lat' dir='ltr'>in</span> <span class='ocrx_word' id='word_1_184' title='bbox 203 2595 397 2653; x_wconf 87' lang='lat' dir='ltr'>quascumque</span> <span class='ocrx_word' id='word_1_185' title='bbox 412 2595 497 2635; x_wconf 88' lang='lat' dir='ltr'>voces</span> <span class='ocrx_word' id='word_1_186' title='bbox 511 2590 583 2634; x_wconf 82' lang='lat' dir='ltr'>artes</span> <span class='ocrx_word' id='word_1_187' title='bbox 597 2575 675 2633; x_wconf 91' lang='lat' dir='ltr'>haud</span> <span class='ocrx_word' id='word_1_188' title='bbox 689 2575 767 2634; x_wconf 89' lang='lat' dir='ltr'>tarda</span> <span class='ocrx_word' id='word_1_189' title='bbox 781 2588 945 2651; x_wconf 88' lang='lat' dir='ltr'>sequentur.</span> 
     </span>
     <span class='ocr_line' id='line_1_29' title="bbox 152 2653 892 2734; baseline -0.004 -20"><span class='ocrx_word' id='word_1_190' title='bbox 152 2676 285 2714; x_wconf 90' lang='lat' dir='ltr'>necnon</span> <span class='ocrx_word' id='word_1_191' title='bbox 300 2672 329 2716; x_wconf 91' lang='lat' dir='ltr'>et</span> <span class='ocrx_word' id='word_1_192' title='bbox 343 2655 445 2714; x_wconf 89' lang='lat' dir='ltr'>sterilis</span> <span class='ocrx_word' id='word_1_193' title='bbox 460 2676 531 2734; x_wconf 89' lang='lat' dir='ltr'>quae</span> <span class='ocrx_word' id='word_1_194' title='bbox 546 2655 680 2733; x_wconf 89' lang='lat' dir='ltr'>stirpibus</span> <span class='ocrx_word' id='word_1_195' title='bbox 696 2655 755 2714; x_wconf 86' lang='lat' dir='ltr'>exit</span> <span class='ocrx_word' id='word_1_196' title='bbox 769 2654 805 2714; x_wconf 88' lang='lat' dir='ltr'>ab</span> <span class='ocrx_word' id='word_1_197' title='bbox 819 2653 892 2724; x_wconf 86' lang='lat' dir='ltr'>imis,</span> 
     </span>
     <span class='ocr_line' id='line_1_30' title="bbox 151 2736 831 2813; baseline -0.001 -19"><span class='ocrx_word' id='word_1_198' title='bbox 151 2738 211 2795; x_wconf 92' lang='lat' dir='ltr'>hoc</span> <span class='ocrx_word' id='word_1_199' title='bbox 227 2737 322 2807; x_wconf 80' lang='lat' dir='ltr'>faciet,</span> <span class='ocrx_word' id='word_1_200' title='bbox 337 2756 442 2796; x_wconf 89' lang='lat' dir='ltr'>vacuos</span> <span class='ocrx_word' id='word_1_201' title='bbox 457 2736 479 2794; x_wconf 91' lang='lat' dir='ltr'>si</span> <span class='ocrx_word' id='word_1_202' title='bbox 494 2736 530 2794; x_wconf 89' lang='lat' dir='ltr'>sit</span> <span class='ocrx_word' id='word_1_203' title='bbox 544 2736 652 2812; x_wconf 90' lang='lat' dir='ltr'>digesta</span> <span class='ocrx_word' id='word_1_204' title='bbox 666 2757 717 2813; x_wconf 90' lang='lat' dir='ltr'>per</span> <span class='ocrx_word' id='word_1_205' title='bbox 730 2755 831 2812; x_wconf 87' lang='lat' dir='ltr'>agros:</span> 
     </span>
     <span class='ocr_line' id='line_1_31' title="bbox 152 2816 832 2894; baseline -0.001 -19"><span class='ocrx_word' id='word_1_206' title='bbox 152 2837 236 2876; x_wconf 92' lang='lat' dir='ltr'>nunc</span> <span class='ocrx_word' id='word_1_207' title='bbox 252 2818 324 2876; x_wconf 89' lang='lat' dir='ltr'>altae</span> <span class='ocrx_word' id='word_1_208' title='bbox 339 2817 454 2876; x_wconf 85' lang='lat' dir='ltr'>frondes</span> <span class='ocrx_word' id='word_1_209' title='bbox 470 2832 498 2875; x_wconf 93' lang='lat' dir='ltr'>et</span> <span class='ocrx_word' id='word_1_210' title='bbox 513 2817 584 2876; x_wconf 89' lang='lat' dir='ltr'>rami</span> <span class='ocrx_word' id='word_1_211' title='bbox 599 2816 697 2875; x_wconf 86' lang='lat' dir='ltr'>matris</span> <span class='ocrx_word' id='word_1_212' title='bbox 711 2831 832 2894; x_wconf 90' lang='lat' dir='ltr'>opacant</span> 
     </span>
     <span class='ocr_line' id='line_1_32' title="bbox 152 2897 918 2976; baseline -0.001 -20"><span class='ocrx_word' id='word_1_213' title='bbox 152 2898 355 2976; x_wconf 84' lang='lat' dir='ltr'>crescentique</span> <span class='ocrx_word' id='word_1_214' title='bbox 370 2897 502 2957; x_wconf 91' lang='lat' dir='ltr'>adimunt</span> <span class='ocrx_word' id='word_1_215' title='bbox 517 2897 592 2956; x_wconf 88' lang='lat' dir='ltr'>fetus</span> <span class='ocrx_word' id='word_1_216' title='bbox 607 2913 752 2976; x_wconf 90' lang='lat' dir='ltr'>uruntque</span> <span class='ocrx_word' id='word_1_217' title='bbox 768 2897 918 2955; x_wconf 88' lang='lat' dir='ltr'>ferentem.</span> 
     </span>
     <span class='ocr_line' id='line_1_33' title="bbox 151 2976 857 3056; baseline -0.003 -20"><span class='ocrx_word' id='word_1_218' title='bbox 151 2978 223 3049; x_wconf 89' lang='lat' dir='ltr'>iam,</span> <span class='ocrx_word' id='word_1_219' title='bbox 239 2999 311 3056; x_wconf 90' lang='lat' dir='ltr'>quae</span> <span class='ocrx_word' id='word_1_220' title='bbox 326 2978 483 3037; x_wconf 89' lang='lat' dir='ltr'>seminibus</span> <span class='ocrx_word' id='word_1_221' title='bbox 497 2977 578 3036; x_wconf 90' lang='lat' dir='ltr'>iactis</span> <span class='ocrx_word' id='word_1_222' title='bbox 593 2997 623 3036; x_wconf 89' lang='lat' dir='ltr'>se</span> <span class='ocrx_word' id='word_1_223' title='bbox 638 2977 752 3036; x_wconf 89' lang='lat' dir='ltr'>sustulit</span> <span class='ocrx_word' id='word_1_224' title='bbox 767 2976 857 3047; x_wconf 84' lang='lat' dir='ltr'>arbos,</span> 
     </span>
     <span class='ocr_line' id='line_1_34' title="bbox 150 3057 867 3137; baseline -0.001 -20"><span class='ocrx_word' id='word_1_225' title='bbox 150 3059 237 3117; x_wconf 87' lang='lat' dir='ltr'>tarda</span> <span class='ocrx_word' id='word_1_226' title='bbox 249 3058 339 3130; x_wconf 73' lang='lat' dir='ltr'>venit,</span> <span class='ocrx_word' id='word_1_227' title='bbox 355 3059 422 3116; x_wconf 88' lang='lat' dir='ltr'>seris</span> <span class='ocrx_word' id='word_1_228' title='bbox 437 3059 546 3118; x_wconf 88' lang='lat' dir='ltr'>factura</span> <span class='ocrx_word' id='word_1_229' title='bbox 560 3057 713 3137; x_wconf 89' lang='lat' dir='ltr'>nepotibus</span> <span class='ocrx_word' id='word_1_230' title='bbox 727 3057 867 3128; x_wconf 88' lang='lat' dir='ltr'>umbram,</span> 
     </span>
     <span class='ocr_line' id='line_1_35' title="bbox 149 3137 818 3217; baseline 0 -21"><span class='ocrx_word' id='word_1_231' title='bbox 149 3159 297 3217; x_wconf 90' lang='lat' dir='ltr'>pomaque</span> <span class='ocrx_word' id='word_1_232' title='bbox 312 3139 489 3217; x_wconf 79' lang='lat' dir='ltr'>degenerant</span> <span class='ocrx_word' id='word_1_233' title='bbox 503 3160 585 3198; x_wconf 91' lang='lat' dir='ltr'>sucos</span> <span class='ocrx_word' id='word_1_234' title='bbox 598 3138 689 3196; x_wconf 86' lang='lat' dir='ltr'>oblita</span> <span class='ocrx_word' id='word_1_235' title='bbox 702 3137 818 3216; x_wconf 87' lang='lat' dir='ltr'>priores,</span> 
     </span>
     <span class='ocr_line' id='line_1_36' title="bbox 149 3219 1025 3312; baseline -0.002 -34"><span class='ocrx_word' id='word_1_236' title='bbox 149 3234 184 3278; x_wconf 92' lang='lat' dir='ltr'>et</span> <span class='ocrx_word' id='word_1_237' title='bbox 198 3233 297 3312; x_wconf 88' lang='lat' dir='ltr'>turpes</span> <span class='ocrx_word' id='word_1_238' title='bbox 312 3220 409 3279; x_wconf 85' lang='lat' dir='ltr'>avibus</span> <span class='ocrx_word' id='word_1_239' title='bbox 424 3219 558 3298; x_wconf 88' lang='lat' dir='ltr'>praedam</span> <span class='ocrx_word' id='word_1_240' title='bbox 573 3219 628 3277; x_wconf 85' lang='lat' dir='ltr'>fert</span> <span class='ocrx_word' id='word_1_241' title='bbox 644 3239 698 3277; x_wconf 86' lang='lat' dir='ltr'>uva</span> <span class='ocrx_word' id='word_1_242' title='bbox 712 3239 849 3279; x_wconf 85' lang='lat' dir='ltr'>racemos.</span> <span class='ocrx_word' id='word_1_243' title='bbox 998 3235 1025 3276; x_wconf 79' lang='lat'>⁶0</span> 
     </span>
     <span class='ocr_line' id='line_1_37' title="bbox 196 3297 1042 3377; baseline -0.001 -19"><span class='ocrx_word' id='word_1_244' title='bbox 196 3299 309 3358; x_wconf 90' lang='lat' dir='ltr'>scilicet</span> <span class='ocrx_word' id='word_1_245' title='bbox 323 3301 456 3360; x_wconf 89' lang='lat' dir='ltr'>omnibus</span> <span class='ocrx_word' id='word_1_246' title='bbox 471 3315 513 3358; x_wconf 89' lang='lat' dir='ltr'>est</span> <span class='ocrx_word' id='word_1_247' title='bbox 527 3299 606 3358; x_wconf 91' lang='lat' dir='ltr'>labor</span> <span class='ocrx_word' id='word_1_248' title='bbox 620 3297 830 3377; x_wconf 88' lang='lat' dir='ltr'>inpendendus,</span> <span class='ocrx_word' id='word_1_249' title='bbox 846 3313 877 3360; x_wconf 85' lang='lat' dir='ltr'>et</span> <span class='ocrx_word' id='word_1_250' title='bbox 890 3317 991 3358; x_wconf 87' lang='lat' dir='ltr'>omnes</span> <span class='ocrx_word' id='word_1_251' title='bbox 1038 3301 1042 3310; x_wconf 88' lang='lat'>&#39;</span> 
     </span>
    </p>
   </div>
   <div class='ocr_carea' id='block_1_3' title="bbox 318 3394 819 3456">
    <p class='ocr_par' dir='ltr' id='par_1_3' title="bbox 318 3394 819 3456">
     <span class='ocr_line' id='line_1_38' title="bbox 318 3394 819 3456; baseline 0.002 -15"><span class='ocrx_word' id='word_1_252' title='bbox 318 3407 349 3454; x_wconf 91' lang='lat'>47</span> <span class='ocrx_word' id='word_1_253' title='bbox 367 3410 440 3442; x_wconf 86' lang='lat' dir='ltr'>auras.</span> <span class='ocrx_word' id='word_1_254' title='bbox 508 3405 538 3456; x_wconf 84' lang='lat'>52</span> <span class='ocrx_word' id='word_1_255' title='bbox 556 3395 627 3443; x_wconf 78' lang='lat' dir='ltr'>voles.</span> <span class='ocrx_word' id='word_1_256' title='bbox 694 3405 725 3456; x_wconf 84' lang='lat'>54</span> <span class='ocrx_word' id='word_1_257' title='bbox 741 3394 819 3444; x_wconf 75' lang='lat' dir='ltr'>faeiat.</span> 
     </span>
    </p>
   </div>
   <div class='ocr_carea' id='block_1_4' title="bbox 0 0 1282 4116">
    <p class='ocr_par' dir='ltr' id='par_1_4' title="bbox 0 0 1282 4116">
     <span class='ocr_line' id='line_1_39' title="bbox 0 0 1282 4116; baseline 0 1"><span class='ocrx_word' id='word_1_258' title='bbox 0 0 1282 4116; x_wconf 95' lang='lat' dir='ltr'> </span> 
     </span>
    </p>
   </div>
  </div>
 </body>
</html>
