2568 4114
401 1217 525 1276 LIBER
547 1216 747 1288 QUINTUS

161 1403 288 1460 Inrsnra
302 1401 433 1460 medium
446 1403 560 1470 Aeneas
574 1401 633 1459 iam
647 1401 736 1460 classe
751 1400 870 1459 tenebat

161 1499 256 1542 certus
271 1483 335 1554 iter,
350 1481 514 1561 fluctusque
529 1497 604 1540 atros
619 1481 767 1560 Aquilone
782 1479 906 1554 sec'abat,

161 1563 276 1622 moenia
291 1563 457 1641 respiciens,
473 1583 547 1642 quae
562 1563 620 1621 iam
635 1562 762 1621 infelicis
777 1561 885 1620 Elissae

160 1644 309 1704 collucent
323 1643 455 1703 flammis.
498 1664 572 1723 quae
588 1659 703 1702 tantum
718 1642 886 1702 accenderit
901 1643 998 1718 ignem

160 1745 244 1784 causa
258 1725 348 1795 latet3
370 1725 434 1784 duri
450 1745 554 1800 magno
570 1725 620 1783 sed
635 1744 732 1783 amore
747 1723 859 1781 dolores

158 1806 281 1884 polluto,
297 1820 467 1898 notumque,
482 1806 582 1864 furens
598 1804 669 1883 quid
683 1803 794 1861 femina
807 1803 906 1880 possit,

159 1886 240 1945 triste
254 1907 307 1964 per
321 1887 471 1962 augurium
487 1886 671 1944 Teucrorum
686 1899 804 1961 pectora
818 1884 940 1943 ducunt

159 1982 191 2025 ut
204 1967 321 2059 pelagus
337 1983 458 2025 tenuere
473 1981 556 2038 rates,
573 1985 628 2023 nec
643 1964 701 2022 iarn
717 1963 839 2042 amplius
855 1965 913 2023 ulla

158 2047 285 2106 occurrit
300 2047 394 2119 tellus,
409 2045 499 2104 maria
514 2046 644 2124 undique
659 2061 689 2103 et
703 2044 834 2124 undique
849 2046 971 2118 caelum,

157 2127 208 2185 olli
224 2127 372 2186 caeruleus
388 2147 472 2204 supra
487 2141 575 2204 caput
589 2125 701 2184 adstitit
715 2125 817 2200 imber,
1002 2157 1026 2184 ιο

158 2223 276 2266 noctem
287 2207 473 2285 hiememque
485 2207 590 2278 ferens,
601 2221 630 2264 et
641 2206 787 2265 inhorruit
797 2208 876 2266 unda
887 2207 1025 2267 tenebris.

157 2288 218 2366 ipse
233 2288 409 2364 gubernator
422 2287 513 2366 puppi
530 2286 682 2345 Palinurus
697 2288 733 2345 ab
748 2288 823 2347 alta:

137 2370 232 2428 ‘heu!
256 2367 393 2447 quianam
408 2368 482 2426 tanti
498 2367 654 2428 cinxerunt
668 2371 785 2427 aethera
800 2368 911 2427 nimbi?

158 2449 274 2528 quidve,
289 2464 372 2528 pater
386 2449 538 2528 Neptune,
552 2449 667 2528 paras?'
710 2449 750 2508 sic
765 2448 873 2507 deinde
887 2450 1000 2508 locutus

160 2530 295 2606 colligere
311 2550 388 2588 arma
403 2531 493 2604 iubet,
508 2529 669 2610 validisque
683 2530 853 2589 incumbere
867 2530 963 2603 remis,

159 2610 348 2689 obliquatque
363 2611 441 2670 sinus
457 2611 488 2669 in
502 2627 634 2684 ventum,
650 2633 682 2671 ac
699 2611 766 2670 talia
781 2611 875 2670 fatur:

138 2691 344 2768 ‘magnanime
357 2694 467 2764 Aenea,
483 2713 552 2764 non,
568 2692 590 2750 si
606 2692 678 2751 mihi
694 2692 828 2770 Iuppiter
842 2707 941 2751 auctor

159 2772 309 2850 spondeat,
324 2774 379 2832 hoc
395 2793 507 2851 sperem
522 2773 638 2832 Italiam
653 2773 822 2848 contingere
837 2772 927 2832 caelo.

158 2853 263 2910 mutati
278 2869 436 2912 transversa
451 2855 581 2912 fremunt
597 2870 626 2912 et
640 2875 758 2932 vespere
773 2855 808 2912 ab
823 2869 884 2912 atro

150 2950 335 3010 consurgunt
349 2935 440 3008 venti,
457 2950 543 3013 atque
558 2935 589 2992 in
605 2936 713 2994 nubem
729 2935 842 3010 cogitur
855 2943 911 2993 aer.
997 2965 1023 2992 ω

157 3033 213 3072 nec
228 3035 279 3073 nos
294 3013 387 3074 obniti
403 3030 504 3073 contra
519 3035 573 3073 nec
590 3017 709 3074 tendere
725 3031 839 3074 tantum

157 3093 320 3154 sufficimus.
362 3111 477 3173 superat
492 3095 630 3188 quoniam
645 3097 770 3168 fortuna,
786 3116 946 3174 sequamur,

156 3195 271 3252 quoque
286 3192 380 3249 vocat,
395 3191 540 3236 vertamus
554 3176 619 3235 iter'.
662 3196 716 3234 nec
731 3175 816 3235 litora
830 3177 916 3252 longe

156 3254 211 3313 fida
225 3275 291 3313 reor
305 3222 431 3314 frate’rna
447 3257 546 3334 Erycis
560 3272 716 3336 portusque
733 3257 859 3330 Sicanos,

155 3355 178 3394 ss
170 3334 317 3394 modo
295 3352 351 3394 rite
365 3357 476 3395 memor
491 3353 600 3396 servata
615 3337 752 3396 remetior
766 3339 859 3398 astra)

513 3431 626 3492 6posset.
