2556 4116
513 303 541 351 P.
558 301 702 350 VERGILI
719 302 877 351 MARONIS

283 435 326 494 sin
343 434 495 494 maculae'
488 433 633 528 rncipient
647 433 757 493 rutilo
749 434 929 493 rnmiscerier
942 419 1012 510 igni,

282 515 379 574 omnia
395 530 458 574 turn
472 497 578 593 pariter
592 529 683 574 vento
695 515 859 594 nimbisque
874 513 985 574 videbis

281 597 402 656 fervere.
445 617 504 654 non
520 597 570 654 illa
585 596 735 694 quisquam
750 616 797 654 me
812 610 898 655 nocte
911 616 964 674 per
978 598 1069 656 altum

280 678 323 736 ire
338 697 432 755 neque
448 699 463 735 a
479 693 552 736 terra
567 692 684 736 moneat
699 675 863 735 cdnvellere
878 678 990 737 funem.

281 773 309 817 at
324 759 356 830 si,
373 778 440 817 cum
454 758 618 836 referetque
633 758 711 816 diem
727 758 891 836 condetque
905 759 1038 831 relatum,

280 839 394 898 lucidus
408 839 482 897 orbis
498 839 561 910 erit,
578 839 680 897 frustra
695 839 837 897 terrebere
852 839 967 912 nimbis,

281 936 310 979 et
325 921 401 978 claro
416 919 500 978 silvas
516 939 616 978 cernes
631 920 777 998 Aquilone
791 921 910 979 moveri.
1110 938 1150 989 460

280 1001 407 1080 denique
422 1001 492 1079 quid
507 1001 618 1078 Vesper
633 1020 710 1058 serus
725 1003 821 1073 vehat,
837 1001 915 1060 unde
930 1021 1043 1059 serenas

280 1097 383 1140 ventus
399 1097 462 1158 agat
477 1081 578 1154 nubes,
594 1081 665 1159 quid
680 1082 787 1157 cogitet
801 1082 915 1140 umidus
928 1083 1042 1154 Auster,

280 1163 321 1220 sol
337 1162 389 1221 tibi
405 1163 484 1238 signa
500 1163 590 1221 dabit.
634 1162 723 1220 solem
737 1163 801 1240 quis
816 1162 913 1220 dicere
928 1163 1032 1220 falsum

280 1243 405 1302 audeat?
447 1243 498 1300 ille
514 1244 601 1300 etiam
618 1263 718 1301 caecos
730 1243 836 1301 instare
852 1242 992 1302 tumultus

279 1344 363 1400 saepe
377 1339 478 1382 monet
494 1323 684 1402 fraudemque
700 1339 729 1382 et
743 1339 843 1401 operta
857 1321 1118 1382 tumescereibella.

280 1404 331 1462 ille
347 1404 434 1462 etiam
451 1404 594 1462 exstincto
611 1405 758 1463 miseratus
774 1404 895 1463 Caesare
911 1406 1043 1477 Romam,

280 1505 347 1543 cum
362 1501 449 1562 caput
463 1486 583 1544 obscura
600 1486 727 1544 nitidum
742 1485 884 1560 ferrugine
899 1486 982 1557 texit,

279 1565 415 1644 inpiaque
431 1581 578 1624 aeternam
595 1566 755 1624 timuerunt
770 1566 882 1624 saecula
897 1581 1022 1625 noctem.

280 1662 409 1723 tempore
434 1665 611 1726 quamquam
640 1647 692 1705 illo
717 1647 802 1706 tellus
827 1666 942 1725 quoque
968 1662 997 1705 et
1020 1665 1148 1724 aequora

359 1728 443 1804 ponti

278 1808 478 1887 obscenaeque
494 1830 579 1868 canes
595 1810 828 1888 inportunaeque
842 1809 972 1867 volucres
1109 1839 1149 1877 ⁴70

278 1889 356 1964 signa
371 1888 488 1948 dabant.
532 1891 667 1968 quotiens
684 1891 850 1968 Cyclopum
865 1891 1001 1948 effervere
1020 1890 1052 1947 in
1068 1909 1147 1965 agros

277 1969 400 2027 vidimus
417 1969 576 2028 undantem
591 1971 681 2048 ruptis
698 1971 861 2030 fornacibus
874 1972 1010 2043 Aetnam,

277 2049 516 2128 flammarumque
531 2051 629 2126 globos
645 2052 861 2131 liquefactaque
875 2051 1093 2110 volveresaxa!

277 2149 421 2188 armorum
437 2131 563 2190 sonitum
579 2146 641 2190 toto
658 2133 818 2191 Germania
833 2133 914 2192 eaelo

277 2210 377 2283 audiit,
393 2211 517 2270 insolitis
533 2227 715 2272 tremuerunt
731 2214 857 2272 motibus
871 2214 973 2290 Alpes.

276 2313 331 2349 vox
347 2313 462 2370 quoque
476 2312 529 2371 per
544 2294 626 2352 lucos
641 2295 729 2370 vulgo
745 2294 879 2352 exaudita
893 2295 1011 2352 silentes

276 2372 388 2465 ingens,
404 2389 434 2432 et
448 2374 601 2433 simulacra
616 2374 709 2433 modis
724 2374 865 2451 pallentia
880 2373 959 2430 miris

275 2453 334 2512 visa
349 2454 402 2512 sub
417 2454 570 2514 obscurum
587 2455 690 2527 noctis,
707 2453 889 2531 pecudesque
904 2453 1029 2526 locutae,

276 2533 448 2595 infandum!
472 2536 577 2594 sistunt
594 2555 691 2592 amnes
708 2549 856 2612 terraeque
870 2533 1035 2605 dehiseunt,

276 2630 305 2673 et
317 2632 458 2675 maestum
470 2615 636 2674 inlacrimat
650 2615 765 2692 templis
778 2615 848 2672 ebur
856 2633 978 2692 aeraque
993 2614 1107 2673 sudant.

274 2695 404 2772 proluit
396 2717 497 2755 rnsano
515 2711 711 2774 contorquens
726 2695 834 2753 vertice
849 2695 933 2753 silvas
1108 2712 1147 2762 481

276 2773 429 2836 fluviorum
443 2798 492 2836 rex
509 2777 662 2848 Eridanus,
679 2796 852 2854 camposque
867 2796 918 2852 per
931 2795 1033 2834 omnes

276 2875 343 2912 cum
359 2859 476 2916 stabulis
494 2873 623 2916 armenta
639 2857 717 2916 tulit.
760 2877 814 2914 nec
830 2872 958 2934 tempore
973 2856 1076 2914 eodem

275 2935 404 2994 tristibus
419 2955 468 2996 aut
485 2939 556 2997 extis
573 2938 660 2996 fibrae
677 2957 812 3015 apparere
827 2938 954 2996 minaces

275 3030 324 3073 aut
338 3018 433 3093 puteis
449 3039 563 3078 manare
580 3039 664 3077 cruor
680 3018 809 3091 cessavit,
825 3033 854 3076 et
869 3019 944 3076 altae

275 3117 325 3174 per
340 3113 456 3156 noctem
472 3121 604 3158 resonare
621 3100 695 3177 lupis
710 3099 891 3157 ululantibus
906 3098 998 3158 urbes.

254 3189 258 3200 '
276 3197 335 3234 non
352 3177 419 3236 alias
435 3180 515 3238 caelo
530 3180 700 3240 ceciderunt
714 3181 796 3257 plura
811 3199 913 3238 sereno

276 3257 399 3334 fulgura,
416 3279 470 3317 nec
485 3260 541 3318 diri
557 3262 664 3319 totiens
680 3281 771 3320 arsere
786 3276 927 3343 cometae.

496 3365 544 3415 454
561 3355 682 3416 incipiunt.
749 3355 795 3416 461
814 3356 880 3403 ferat.
