2562 4114
266 381 313 430 344
538 365 564 413 P.
582 363 724 412 VERGILI
741 363 898 412 MARONIS

305 493 428 555 consilio
441 512 552 553 versare
566 493 648 552 dolos
663 492 803 569 ingressus
818 511 847 554 et
862 510 934 564 astu,

304 575 410 653 incipit
424 576 496 634 haec
511 597 518 633 :
541 574 629 667 ‘quid
644 588 703 632 tam
718 575 872 652 egregium,
888 575 910 633 si
926 575 1037 668 femina
1052 576 1121 636 forti
1261 590 1262 682 p

304 657 366 715 fidis
381 659 479 734 equo?
500 655 617 714 dimitte
632 656 739 732 fugam,
752 671 782 715 et
797 671 826 715 te
840 676 1002 715 comminus
1017 677 1114 734 aequo
1261 689 1262 760 q

303 756 420 797 mecum
435 736 521 795 crede
536 737 607 806 solo,
620 756 792 814 pugnaeque
806 737 924 812 accinge
939 736 1064 814 pedestri
1078 763 1088 808 ;

303 818 361 878 iarn
375 837 486 887 nosces,
500 831 619 875 ventosa
635 817 708 876 ferat
723 817 770 876 cui
785 817 874 894 gloria
888 818 1040 877 fraudem?

303 899 378 958 dixit
392 923 400 969 ;
421 913 450 957 at
464 897 514 955 illa
528 897 626 956 furens
642 897 758 975 acrique
772 918 891 957 accensa
904 898 1014 968 dolore,

304 979 391 1039 tradit
406 999 515 1058 equum
529 977 639 1048 comiti,
654 977 826 1057 paribusque
839 978 945 1038 resistit
959 978 991 1036 in
1006 977 1104 1050 umis,
1134 1009 1171 1047 710

304 1081 373 1121 ense
387 1059 473 1137 pedes
488 1059 576 1130 nudo,
592 1078 720 1136 puraque
735 1058 866 1118 interrita
880 1079 985 1136 parma.

304 1157 333 1200 at
347 1140 472 1210 iuvenis,
484 1139 587 1198 vicisse
602 1139 670 1196 dolo
685 1154 771 1210 ratus,
786 1141 881 1198 avolat
895 1140 964 1216 ipse,

302 1222 381 1280 haud
395 1241 482 1290 mora,
498 1219 700 1296 conversisque
714 1220 801 1296 fugax
817 1221 945 1278 aufertur
958 1219 1090 1292 habenis,

303 1302 580 1381 quadrupedemque
594 1301 686 1358 citum
701 1300 805 1358 ferrata
819 1301 899 1359 calce
914 1299 1022 1375 fatigat.

285 1392 377 1441 ‘vane
392 1383 490 1458 Ligus,
506 1382 666 1458 frustraque
681 1380 784 1438 animis
798 1381 873 1439 elate
887 1380 1025 1457 superbis,

304 1463 482 1540 nequiquam
496 1461 600 1539 patrias
616 1461 732 1519 tentasti
748 1461 874 1520 lubricus
889 1477 984 1527 artes;

303 1563 357 1601 nec
373 1542 448 1600 fraus
464 1557 492 1600 te
507 1541 686 1599 incolumem
703 1541 799 1600 fallaci
815 1543 940 1619 perferet
955 1541 1062 1600 Auno’
1079 1565 1086 1600 :

302 1625 372 1682 haec
388 1622 465 1679 fatur
478 1621 558 1696 virgo
574 1634 603 1679 et
616 1621 784 1699 pernicibus
799 1622 882 1697 ignca
895 1622 1002 1700 plantis

303 1702 405 1762 transit
420 1722 529 1781 equum
543 1721 639 1773 cursu,
656 1702 802 1781 frenisque
817 1703 931 1761 adversa
943 1703 1094 1781 prehensis

303 1783 488 1860 congreditur
501 1802 666 1860 poenasque
682 1783 803 1842 inimico
818 1803 855 1842 ex
869 1785 1009 1860 sanguine
1023 1784 1114 1843 sumit
1128 1807 1135 1842 :

302 1885 389 1944 quam
405 1863 491 1923 facile
506 1863 645 1941 accipiter
660 1884 726 1921 saxo
742 1885 817 1924 sacer
833 1865 888 1922 ales
904 1865 938 1923 ab
953 1865 1011 1923 alto
1132 1896 1168 1934 721

303 1945 489 2024 consequitur
503 1943 600 2021 pinnis
616 1945 771 2003 sublimem
786 1945 817 2002 in
833 1946 910 2004 nube
925 1946 1101 2016 columbam,

303 2046 561 2104 comprensamque
576 2040 666 2095 tenet,
684 2025 862 2104 pedibusque
877 2026 1017 2086 eviscerat
1032 2027 1116 2085 uncis
1130 2051 1138 2096 ;

303 2122 366 2166 tum
380 2127 466 2164 cruor
480 2121 510 2165 et
523 2107 621 2164 vulsae
637 2105 775 2164 labuntur
790 2106 825 2164 ab
839 2109 953 2166 aethere
967 2107 1097 2184 plumae.

343 2201 370 2245 at
384 2205 445 2244 non
460 2189 530 2246 haec
545 2186 633 2245 nullis
649 2186 802 2246 hominum
817 2202 891 2246 sator
904 2203 990 2266 atque
1004 2188 1127 2246 deorum

301 2267 453 2325 observans
468 2267 560 2326 oculis
575 2287 688 2326 summo
704 2268 784 2326 sedet
799 2269 872 2327 altus
887 2268 1026 2346 Olympo.

302 2347 491 2424 Tyrrhenum
505 2347 618 2424 genitor
636 2349 823 2408 Tarchonem
838 2349 869 2408 in
884 2349 992 2427 proelia
1006 2368 1089 2406 saeva

302 2427 430 2499 suscitat,
444 2444 473 2486 et
488 2428 612 2486 stimulis
627 2430 706 2487 haud
721 2430 857 2488 mollibus
872 2430 956 2488 inicit
971 2429 1034 2487 iras.

302 2528 368 2584 ergo
383 2508 460 2568 inter
474 2509 575 2567 caedes
592 2509 782 2589 cedentiaque
797 2511 911 2586 agmina
926 2510 1065 2569 Tarchon

302 2589 394 2647 fertur
408 2609 493 2668 equo,
507 2590 648 2668 variisque
664 2590 781 2666 instigat
795 2591 913 2649 vocibus
927 2592 993 2661 alas,
1130 2621 1170 2660 7³0

302 2670 422 2728 nomine
437 2689 582 2749 quemque
597 2691 712 2741 vocans,
727 2671 877 2749 reficitque
891 2670 922 2730 in
935 2669 1046 2748 proelia
1060 2670 1166 2748 pulsos.

283 2750 364 2829 ‘quis
379 2765 480 2819 metus,
496 2771 514 2807 o
530 2770 691 2828 numquam
705 2751 832 2822 dolituri,
847 2773 865 2810 o
879 2771 992 2830 semper
1006 2750 1117 2810 inertes

303 2830 461 2907 Tyrrheni,
477 2851 550 2909 quae
566 2847 646 2890 tanta
660 2831 763 2890 animis
779 2831 892 2908 ignavia
907 2831 1010 2891 venit?

302 2911 410 2969 femina
424 2911 553 2988 palantes
568 2911 626 2987 agit
640 2928 726 2990 atque
740 2915 810 2971 haec
825 2912 939 2989 agmina
953 2911 1063 2972 vertiti

302 3011 359 3068 quo
374 2992 491 3064 ferrum,
507 2991 614 3070 quidve
628 2994 699 3051 haec
714 2993 837 3069 gerimus
853 2995 910 3052 tela
924 2993 1011 3052 inrita
1027 2993 1160 3052 dextris?

302 3086 405 3130 atnon
420 3073 451 3130 in
466 3072 612 3131 Venerem
627 3093 726 3150 segnes
741 3088 939 3152 nocturnaque
953 3074 1041 3143 bella,

303 3167 363 3222 aut,
378 3152 428 3210 ubi
444 3173 533 3212 curva
547 3155 648 3212 choros
663 3154 769 3212 indixit
784 3154 855 3212 tibia
869 3154 986 3226 Bacchi,

301 3246 467 3308 exspectare
482 3234 566 3310 dapes
581 3249 610 3291 et
624 3234 728 3311 plenae
742 3236 847 3312 pocula
860 3255 1019 3294 mensae-

302 3311 349 3370 hic
362 3331 449 3384 amor,
462 3313 516 3370 hoc
533 3314 769 3373 studium-dum
781 3336 856 3374 sacra
868 3316 1011 3374 secundus
1022 3317 1167 3392 haruspex

387 3405 433 3469 708
451 3407 550 3458 laudem.
617 3407 663 3470 728
682 3407 769 3458 incitat.
836 3409 882 3470 738
901 3417 1034 3474 exspectate.
