2562 4114
274 327 322 376 334
544 312 571 362 Ρ.
588 309 730 358 VERGILI
748 309 903 358 MARONIS

312 442 424 503 lumina
438 457 481 501 tot
495 440 631 501 cecidisse
646 441 754 499 ducum
769 455 914 518 totamque
928 441 1060 500 videmus

313 522 473 583 consedisse
488 523 590 581 urbem
604 523 696 592 luctu,
710 521 780 580 dum
795 521 883 581 Troia
897 537 1017 598 temptat
1143 553 1184 592 ³⁵0

312 621 413 677 castra,
429 604 512 680 fugae
528 603 627 675 fidens,
642 619 671 662 et
685 604 796 662 caelum
811 602 920 662 territat
930 602 1023 661 armis.

312 706 404 745 unum
418 685 504 743 ctiam
519 685 600 743 donis
614 684 683 754 istis,
698 703 770 763 quae
785 683 907 761 plurima
921 683 998 741 mitti

311 766 483 826 Dardanidis
498 765 614 843 dicique
629 765 717 834 iubes,
734 784 834 836 unum,
849 763 957 841 optime
971 784 1082 839 regum,

312 847 437 917 adicias;
458 867 512 905 uec
527 863 556 905 te
571 846 656 904 ullius
671 844 808 904 violentia
821 845 929 916 vincat,

311 929 382 1006 quin
397 943 493 986 natam
507 927 620 1003 egregio
634 946 739 1002 genero
753 926 902 1003 dignisque
919 926 1085 1002 hymenaeis

312 1009 360 1066 des
375 1024 465 1086 pater,
481 1024 511 1066 et
524 1028 625 1085 pacem
640 1009 714 1066 hauc
730 1023 845 1066 aeterno
859 1006 971 1066 foedere
985 1007 1096 1083 iungas.

312 1089 389 1168 quod
403 1089 425 1148 si
441 1105 536 1147 tantus
550 1089 637 1147 habet
651 1103 763 1146 mentes
778 1103 807 1146 et
820 1102 936 1166 pectora
950 1103 1048 1158 terror,

312 1171 405 1248 ipsum
419 1170 604 1241 obtestemur,
619 1170 788 1247 veniamque
803 1188 914 1226 oremus
929 1168 964 1226 ab
977 1168 1038 1244 ipso
1050 1194 1060 1240 ;

311 1252 405 1321 cedat,
419 1251 463 1308 ius
477 1251 625 1328 proprium
639 1249 697 1325 regi
712 1249 875 1327 patriaeque
889 1249 1025 1308 remittat.

312 1331 382 1409 quid
395 1331 511 1389 miseros
526 1331 629 1390 totiens
644 1331 675 1389 in
691 1345 786 1408 aperta
800 1329 928 1406 pericula
942 1329 1018 1388 cives
1141 1348 1178 1400 ,ω

311 1410 424 1489 proicis,
438 1433 456 1469 ο
470 1411 553 1469 Latio
567 1427 654 1490 caput
668 1413 770 1470 horum
785 1426 814 1469 et
829 1431 911 1469 causa
924 1411 1087 1469 malorum?

311 1492 392 1550 nulla
406 1491 478 1549 salus
494 1491 593 1560 bello,
613 1511 714 1569 pacem
729 1508 758 1550 te
772 1491 912 1569 poscimus
927 1511 1036 1564 omnes,

312 1573 423 1664 Turne,
439 1571 524 1630 simul
539 1571 615 1648 pacis
631 1573 723 1630 solum
739 1572 945 1632 inviolabile
916 1591 1028 1650 pignus

310 1653 418 1731 primus
434 1671 495 1728 ego,
510 1652 635 1710 invisum
651 1673 738 1731 quem
754 1669 785 1712 tu
800 1653 853 1710 tibi
867 1652 958 1728 fingis,
974 1668 1003 1712 et
1014 1673 1073 1711 esse

311 1734 353 1792 nil
368 1754 470 1826 moror,
486 1754 523 1791 en
538 1734 659 1812 supplex
675 1733 769 1793 venio.
811 1733 943 1792 miserere
958 1750 1083 1804 tuorum,

311 1835 387 1892 pone
402 1815 521 1885 animos,
535 1829 564 1872 et
577 1815 676 1892 pulsus
691 1815 747 1874 abi.
788 1830 829 1872 sat
843 1814 943 1872 funcra
956 1814 1011 1872 fusi

312 1895 443 1965 vidimus,
459 1895 590 1970 ingentes
604 1911 633 1954 et
647 1895 835 1954 desolavimus
849 1915 936 1970 agros.

312 1991 368 2046 aut,
385 1975 406 2034 si
422 1976 496 2034 fama
511 1992 617 2047 movet,
633 1976 655 2034 si
672 1991 784 2035 tantum
798 1991 912 2052 pectore
926 1976 1012 2034 robur

312 2055 450 2132 concipis,
465 2055 529 2114 etsi
545 2056 615 2114 adeo
629 2055 731 2115 dotalis
746 2056 821 2132 regia
836 2056 913 2114 cordi
928 2071 979 2127 est,

311 2135 394 2206 aude,
408 2153 492 2214 atque
507 2137 655 2195 adversum
670 2137 760 2196 fidens
776 2137 818 2194 fer
831 2151 932 2215 pectus
945 2138 977 2195 in
990 2139 1114 2196 hostem.
1140 2168 1178 2206 ³70

311 2215 432 2286 scilicet,
447 2233 479 2276 ut
493 2217 597 2276 Turno
611 2217 760 2292 contingat
775 2217 850 2292 regia
864 2218 1002 2287 coniunx,

311 2316 373 2368 nos,
388 2297 499 2356 animae
513 2298 594 2369 viles,
609 2299 758 2357 inhumata
772 2297 927 2376 infletaque
943 2298 1034 2369 turba,

311 2393 470 2436 sternamur
484 2378 613 2456 campis?
656 2378 742 2438 etiam
757 2395 798 2449 tu,
814 2379 836 2436 si
852 2400 907 2457 qua
920 2379 973 2437 tibi
988 2378 1040 2449 vis,

311 2457 333 2514 si
348 2457 431 2535 patrii
446 2458 515 2536 quid
532 2459 635 2518 Martis
650 2460 745 2531 habes,
760 2459 844 2517 illum
859 2459 952 2537 aspice
967 2475 1076 2529 contra,

311 2539 360 2616 qui
376 2539 478 2598 vocat.'

352 2619 455 2679 talibus
470 2621 572 2678 exarsit
586 2621 670 2680 dictis
684 2621 822 2680 violentia
836 2622 953 2681 Turni
945 2668 953 2692 ‚

311 2699 359 2758 dat
372 2701 522 2775 gemitum,
537 2702 702 2781 rumpitque
716 2703 788 2760 has'
780 2723 838 2761 imo
855 2720 970 2797 pectore
985 2723 1090 2762 voces·

291 2780 388 2855 ‘larga
402 2781 529 2859 quidem,
544 2782 684 2855 Drance,
686 2803 797 2862 semper
811 2783 863 2842 tibi
878 2785 959 2861 copia
973 2785 1053 2843 fandi

312 2877 382 2931 turn,
399 2881 466 2921 cum
481 2863 556 2920 bella
568 2882 669 2922 manus
683 2880 828 2941 poscunt,
849 2865 1033 2943 patribusque
1048 2866 1157 2924 vocatis

311 2941 419 3014 primus
434 2945 508 3002 ades.
550 2944 671 3002 sednon
686 2945 823 3022 replenda
837 2961 878 3004 est
893 2946 970 3004 curia
984 2946 1088 3018 verbis,
1140 2965 1178 3016 380

312 3040 383 3097 quae
399 3039 461 3082 tuto
475 3024 527 3083 tibi
541 3042 643 3101 magna
658 3026 764 3097 volant,
781 3026 850 3086 dum
865 3026 981 3085 distinet
994 3028 1109 3086 hostem

311 3120 393 3175 agger
407 3123 562 3176 murorum,
578 3126 631 3164 nec
646 3105 791 3164 inundant
805 3105 942 3181 sanguine
957 3108 1056 3167 fossae.

310 3180 430 3256 proinde
445 3198 511 3242 tona
526 3186 649 3263 eloquio,
664 3186 780 3244 solitum
795 3186 869 3244 trb1
860 3229 869 3255 ,
891 3207 994 3266 meque
1009 3187 1120 3246 timoris

311 3279 394 3332 argue
409 3276 450 3331 tu,
465 3262 590 3335 Drance,
605 3265 719 3344 quando
734 3281 776 3325 tot
790 3267 887 3343 stragis
902 3287 1016 3326 acervos

540 3357 586 3418 356
605 3357 693 3410 firmet.
761 3360 807 3422 382
825 3375 912 3422 aggere.
