2558 4112
211 367 238 415 P.
257 365 400 415 VERGILI
418 367 576 417 MARONIS
593 370 761 418 AENEIDOS
778 369 841 420 LIB.
858 371 899 420 111
967 388 1012 437 139

96 537 98 542 -
143 493 272 564 vellitur,
287 493 355 551 huic
371 505 433 551 atro
447 492 600 571 liquuntur
614 494 752 570 sanguine
766 511 864 571 guttae

145 591 173 633 et
189 590 296 633 terram
311 574 379 632 tabo
394 574 554 634 maculant.
595 575 666 633 mihi
682 574 801 652 frigidus
816 579 916 635 horror

144 655 273 714 membra
287 654 391 733 quatit,
407 654 576 733 gelidusque
590 655 650 714 coit
665 655 820 715 formidine
835 657 958 732 sanguis.
988 687 1015 726 30

144 757 238 795 rursus
254 749 284 793 et
300 734 417 793 alterius
431 736 546 795 lentum
561 737 726 794 convellere
741 736 839 795 vimen

143 817 280 895 insequor
295 831 324 874 et
339 836 438 875 causas
452 815 568 894 penitus
584 832 726 895 temptare
741 817 865 876 latentes
878 843 886 889 ;

145 914 205 956 ater
220 912 250 956 et
265 896 381 955 alterius
395 897 523 975 sequitur
536 897 573 955 de
588 897 697 957 cortice
712 898 834 974 sanguis.

145 980 237 1038 multa
251 998 370 1036 movens
386 977 484 1036 animo
500 978 651 1055 Nymphas
666 979 825 1037 venerabar
839 995 963 1055 agrestes

145 1059 366 1138 Gradivumque
380 1074 503 1137 patrem,
519 1059 632 1117 Geticis
647 1059 697 1138 qui
712 1059 857 1137 praesidet
871 1060 954 1132 arvis,

144 1141 199 1198 rite
214 1140 408 1198 secundarent
422 1139 497 1197 visus
512 1159 658 1218 omenque
672 1139 812 1199 levarent.

146 1221 229 1280 tertia
243 1221 293 1279 sed
307 1235 461 1299 postquam
476 1219 583 1278 maiore
597 1220 710 1279 hastilia
726 1220 790 1280 nisu

146 1301 297 1378 adgredior
310 1299 489 1378 genibusque
504 1301 637 1360 adversae
652 1301 786 1360 obluctor
800 1301 979 1374 harenae,—

147 1382 263 1460 eloquar
278 1402 314 1440 an
330 1381 430 1440 sileam
441 1381 617 1458 i-gemitus
631 1381 814 1441 lacrimabilis
828 1381 888 1441 imo

147 1463 262 1521 auditur
276 1463 399 1535 tumulo,
415 1475 445 1520 et
459 1481 515 1520 vox
530 1462 643 1521 reddita
657 1462 751 1522 fertur
764 1463 800 1522 ad
815 1483 896 1522 aures
910 1486 917 1522 :
988 1492 1016 1532 40

130 1544 215 1622 ‘qnid
229 1543 375 1616 miserum,
390 1545 501 1616 Aenea,
517 1543 647 1602 laceras?
688 1543 746 1603 iam
760 1565 846 1622 parce
861 1545 985 1624 sepulto,

147 1645 232 1703 parce
246 1624 308 1703 pias
322 1625 460 1684 scelerare
475 1644 598 1684 manus:
620 1645 680 1683 non
696 1645 743 1684 me
758 1624 810 1683 tibi
826 1625 917 1685 Troia

149 1721 300 1765 externum
314 1705 382 1764 tulit
397 1720 447 1765 aut
461 1725 545 1764 cruor
559 1705 607 1764 hie
622 1705 659 1764 de
674 1705 771 1784 stipite
785 1721 893 1764 manat.

147 1788 203 1844 heu
218 1787 224 1847 !
252 1786 321 1862 fuge
335 1785 467 1845 crudeles
482 1801 580 1858 terras,
596 1785 663 1860 fuge
679 1786 748 1844 litus
762 1805 889 1845 avarum.

149 1887 214 1926 nam
231 1867 389 1944 Polydorus
404 1886 478 1943 ego:
499 1866 548 1925 hic
563 1866 711 1925 confixum
727 1867 818 1924 ferrea
833 1866 906 1925 texit

150 1949 272 2006 telorum
287 1967 365 2022 seges
381 1962 410 2006 et
424 1946 524 2005 iaculis
538 1945 664 2006 increvit
678 1946 789 2006 acutis?

150 2042 209 2087 turn
223 2049 293 2087 vero
308 2027 429 2106 ancipiti
444 2042 575 2086 mentem
589 2026 746 2087 formidine
759 2049 871 2106 pressus

149 2108 273 2189 obstipui
288 2124 489 2188 steteruntque
504 2128 604 2166 comae
619 2123 648 2166 et
662 2129 719 2166 vox
733 2109 864 2169 faucibus
878 2108 981 2169 haesit.

187 2191 266 2250 hunc
303 2189 480 2267 Polydorum
511 2187 572 2247 auri
606 2188 754 2268 quondam
781 2209 849 2249 cum
885 2190 1016 2268 pondere

227 2291 333 2348 magno

149 2350 250 2411 infelix
266 2351 393 2411 Priamus
408 2350 509 2410 furtim
523 2349 672 2409 mandarat
687 2349 824 2442 alendum
992 2378 1017 2417 50

150 2432 290 2492 Threicio
304 2431 374 2508 regi,
389 2451 457 2492 cum
471 2431 529 2492 iam
543 2430 686 2489 diffideret
701 2429 785 2489 armis

149 2511 353 2573 Dardaniae'
328 2513 463 2592 cingique
479 2512 580 2571 urbem
594 2511 745 2571 obsidione
759 2511 881 2570 videret.

149 2593 208 2666 ille,
224 2608 257 2653 ut
271 2614 340 2673 opes
354 2594 463 2653 fractae
478 2592 638 2686 Teucrum,
654 2607 683 2652 et
697 2593 814 2652 fortuna
828 2590 953 2662 recessit,

150 2695 191 2733 res
205 2673 451 2752 Agamemnonias
465 2673 655 2753 victriciaque
670 2693 747 2732 arma
762 2688 886 2744 secutus,

150 2755 189 2813 fas
204 2776 292 2814 omne
307 2753 477 2834 abrumpit;
499 2753 675 2832 Polydorum
690 2754 855 2826 obtruncat,
870 2767 900 2811 et
914 2772 983 2812 auro

149 2835 176 2892 vi
190 2836 311 2929 potitur.
352 2835 424 2915 quid
438 2855 499 2894 non
514 2835 647 2894 mortalia
661 2850 780 2914 pectora
794 2833 880 2910 cogis,

149 2916 209 2974 auri
225 2936 304 2975 sacra
318 2915 431 2976 fames?
451 2931 603 2996 postquam
617 2935 707 2994 pavor
721 2934 781 2974 oasa
794 2913 921 2992 reliquit,

148 2995 278 3055 delectos
292 2996 394 3075 populi
410 2996 446 3055 ad
460 3017 592 3076 proceres
606 2996 791 3090 primumque
805 3009 957 3088 parentem

148 3093 277 3137 monstra
291 3077 380 3137 deum
394 3078 488 3136 refero
503 3094 532 3136 et
546 3096 620 3155 quae
634 3075 671 3136 sit
685 3075 831 3135 sententia
843 3097 942 3155 posco.

148 3157 284 3217 omnibus
298 3158 377 3218 idem
392 3158 513 3230 animus,
528 3157 665 3217 scelerata
680 3157 821 3216 excedere
836 3172 921 3230 terra,
992 3171 1018 3214 so

148 3237 245 3318 linqui
259 3237 407 3319 pollutum
421 3237 579 3317 hospitium
594 3253 624 3297 et
638 3238 705 3297 dare
720 3237 855 3298 classibus
870 3238 1000 3297 Austros.

147 3339 216 3396 ergo
230 3319 421 3380 instauramus
437 3318 579 3397 Polydoro
594 3318 690 3391 funus,
705 3334 735 3378 et
748 3319 850 3396 ingens

486 3413 515 3462 ει
534 3413 644 3478 linquere.
