2562 4114
244 316 291 365 374
514 302 540 350 Ρ.
559 301 699 350 VERGlLl
717 301 872 348 MARONIS

282 447 429 510 apparent,
444 445 611 509 acuuntque
626 446 734 488 metum
749 429 915 487 mortalibus
930 429 1032 504 aegris,
1112 447 1151 496 850
1243 427 1244 516 l

282 513 305 572 si
320 513 436 591 quando
450 513 543 570 letum
557 511 724 570 horrificum
738 510 907 588 morbosque
922 509 1011 568 deum
1026 529 1080 568 rex
1243 521 1244 594 l

282 593 408 666 molitur,
425 593 538 652 meritas
553 608 602 651 aut
617 593 692 650 bello
707 591 817 649 territat
832 591 924 650 urbes.
1243 597 1244 666 l

281 676 383 732 harum
399 694 486 732 unam
501 675 625 732 celerem
640 671 755 731 demisit
768 673 803 730 ab
816 673 931 731 aethere
946 691 1060 730 summo
1243 703 1244 772 p

282 755 423 834 Iuppiter,
439 755 527 832 inque
543 775 629 813 omen
645 754 781 812 Iuturnae
795 773 945 811 occurrere
960 752 1050 811 iussit.
1243 775 1244 812 f

282 837 331 895 illa
344 837 429 908 volat,
445 835 591 913 celerique
606 835 642 893 ad
657 851 759 892 terram
774 833 889 900 turbine
904 835 1006 893 fertur.

282 938 341 976 non
356 937 445 989 secus,
461 937 492 975 ac
509 937 598 975 nervo
613 935 663 993 per
678 915 784 973 nubem
799 914 912 991 inpulsa
926 913 1035 988 sagitta,

281 1014 419 1057 armatam
433 996 507 1055 saevi
524 997 645 1055 Parthus
660 1016 745 1074 quam
761 981 828 1053 felle
839 995 955 1066 veneni,

284 1080 414 1150 Parthus,
428 1078 485 1136 sive
501 1077 615 1154 Cydon,
633 1077 723 1136 telum
738 1075 949 1148 inmedicabile,
965 1075 1057 1147 torsit,

282 1160 402 1218 stridens
417 1175 447 1218 et
461 1160 567 1218 celeres
583 1157 730 1234 incognita
745 1156 867 1214 transilit
882 1156 1016 1214 umbras:
1092 1227 1095 1231 .

282 1241 345 1300 talis
360 1260 389 1298 se
403 1255 461 1298 sata
476 1240 574 1298 Nocte
591 1240 659 1298 tulit
675 1254 815 1315 terrasque
829 1236 941 1315 petivit.
1109 1253 1145 1294 aso

282 1337 433 1399 postquam
447 1320 521 1379 acies
536 1320 615 1379 videt
630 1320 731 1378 Iliacas
745 1334 830 1396 atque
845 1317 958 1394 agmina
973 1317 1082 1388 Turni,

282 1401 356 1460 alitis
370 1401 401 1458 in
416 1422 517 1479 parvae
533 1401 656 1459 subitam
672 1400 792 1458 collecta
806 1399 933 1476 liguram,

281 1501 353 1560 quae
369 1481 514 1559 quondam
529 1481 559 1539 in
576 1481 665 1539 bustis
680 1496 729 1539 aut
743 1479 919 1538 culminibus
934 1479 1051 1536 desertis

224 1600 227 1604 ·
281 1576 367 1620 nocte
382 1561 481 1619 sedens
497 1581 591 1618 serum
608 1561 685 1619 canit
700 1561 856 1638 inportuna
869 1581 920 1638 per
935 1560 1048 1618 umbras
1061 1585 1069 1628 ;

281 1644 355 1700 banc
369 1662 447 1700 versa
462 1641 492 1699 in
509 1641 612 1699 faciem
630 1641 726 1699 Turni
743 1661 770 1699 se
785 1641 871 1719 pestis
886 1641 924 1699 ob
938 1661 985 1698 ora

281 1723 394 1800 fertque
410 1721 554 1799 refertque
571 1742 683 1794 sonans,
699 1722 884 1800 clipeumque
900 1721 1046 1780 everberat
1061 1720 1122 1779 alis.

281 1804 324 1862 illi
340 1804 467 1862 membra
482 1823 573 1861 novus
588 1803 670 1861 solvit
685 1802 841 1860 formidine
855 1818 961 1880 torpor,

280 1900 463 1962 arrectaeque
477 1885 594 1942 horrore
610 1904 718 1954 comae,
736 1898 764 1941 et
777 1903 834 1940 vox
849 1883 979 1941 faucibus
993 1882 1095 1942 haesit.

281 1981 319 2037 at,
333 1967 434 2042 procul
450 1980 483 2023 ut
496 1965 584 2023 Dirae
600 1964 747 2022 stridorem
762 1963 898 2040 adgnovit
914 1980 943 2022 et
957 1963 1023 2037 alas,

281 2045 384 2104 infelix
400 2045 492 2104 crines
508 2045 613 2104 scindit
628 2046 748 2104 Iuturna
763 2045 879 2116 solutos,
1108 2062 1146 2112 870

281 2125 424 2202 unguibus
439 2146 488 2184 ora
502 2146 579 2184 soror
595 2125 711 2183 foedans
727 2140 756 2183 et
769 2141 887 2202 pectora
900 2123 1025 2202 pugnis:

261 2207 352 2284 ‘quid
366 2227 446 2265 nunc
462 2223 491 2265 te
506 2221 563 2279 tua,
580 2205 695 2278 Turne,
710 2221 802 2283 potest
817 2227 950 2281 germana
965 2205 1084 2264 iuvare?

280 2302 330 2346 aut
344 2287 415 2364 quid
429 2287 485 2346 iam
500 2287 588 2345 durae
604 2301 717 2365 superat
731 2287 804 2344 mihi
816 2291 826 2344 l
847 2307 904 2365 qua
918 2286 970 2345 tibi
985 2287 1084 2344 lucem

280 2383 341 2426 arte
356 2372 470 2426 morer?
492 2365 571 2426 talin’
586 2387 702 2445 possum
716 2387 762 2426 me
777 2388 925 2445 opponere
940 2363 1089 2424 monstro?

280 2447 338 2506 iam
352 2448 409 2506 iam
423 2448 525 2525 linquo
541 2447 623 2508 acies.
666 2468 764 2506 neme
780 2464 885 2508 terrete
901 2448 1077 2518 timentem„

280 2527 418 2586 obscenae
433 2528 585 2596 volucres;
606 2529 715 2587 alarum
726 2529 844 2587 'verbera
859 2550 946 2587 nosco

280 2608 454 2687 letalemque
468 2629 570 2668 sonum
582 2633 592 2678 3
613 2630 667 2668 nec
683 2610 788 2669 fallunt
802 2610 875 2668 iussa
890 2610 1010 2687 superba

280 2689 454 2764 magnanimi
471 2689 555 2749 Iovis.
597 2690 669 2750 baec
683 2712 735 2768 pro
749 2689 914 2766 virginitate
928 2689 1065 2768 reponit?

280 2789 338 2846 quo
351 2769 440 2828 vitam
455 2770 535 2829 dedit
549 2775 717 2829 aeternam?
738 2791 790 2830 cur
804 2771 904 2830 mortis
918 2771 1053 2848 adempta
1069 2786 1109 2828 est

184 2877 190 2888 ·
280 2850 436 2910 condicio?
457 2847 568 2928 possem
584 2866 676 2910 tantos
691 2851 775 2910 linire
789 2853 900 2910 dolores
1108 2867 1144 2908 aso

280 2949 359 2989 nunc
375 2947 463 3002 certe,
479 2947 507 2988 et
522 2931 627 2990 misero
642 2932 719 2990 fratri
735 2953 832 2991 comes
847 2933 889 2991 ire
902 2953 955 3010 per
970 2932 1094 2991 umbras.

279 3009 438 3070 inmortalis
453 3016 527 3086 ego?
548 3028 597 3070 aut
611 3012 768 3091 quicquam
783 3013 855 3072 mihi
870 3014 957 3072 dulce
972 3033 1104 3072 meorum

280 3104 308 3147 te
323 3090 393 3163 sine,
409 3093 506 3163 frater,
521 3093 599 3151 erit?
639 3114 743 3172 oquae
758 3094 823 3152 satis
839 3094 897 3152 ima
910 3092 1040 3152 dehiscat

280 3184 353 3228 terra
368 3172 440 3230 mihi
458 3173 620 3252 Manesque
635 3173 718 3232 deam
733 3173 865 3233 demittat
879 3175 915 3240 ad
928 3175 1001 3232 imos
1013 3172 1039 3233 !’

280 3265 392 3308 tantum
408 3252 491 3310 effata
506 3269 593 3331 caput
606 3254 708 3329 glauco
723 3255 855 3314 contexit
869 3255 987 3328 amictu,

279 3330 370 3387 multa
384 3351 509 3406 gemens,
526 3349 555 3391 et
570 3355 598 3394 se
612 3334 700 3392 fluvio
714 3335 766 3392 dea
782 3336 912 3394 condidit
926 3336 994 3398 alto.
