2558 4112
228 357 260 407 72

502 345 529 393 Ρ.
545 343 689 392 VERGILI
706 345 865 396 MARONIS

268 477 345 537 inter
359 490 531 536 cunctantes
547 475 653 535 cecidit
667 475 837 534 moribunda
852 475 1005 536 ministros.

269 573 318 616 aut
332 557 354 616 si
370 577 457 634 quam
471 557 547 614 ferro
562 572 733 615 mactaverat
748 573 815 614 ante
830 557 968 630 sacerdos,

268 637 337 697 inde
352 658 446 716 neque
461 637 592 715 inpositis
606 638 707 696 ardent
721 637 819 695 altaria
834 637 919 710 fibris,
1097 671 1138 710 ⁴90

269 739 324 778 nec
339 739 472 797 responsa
486 733 580 795 potest
594 718 742 776 consultus
757 718 874 776 reddere
888 733 977 790 vates,

269 821 301 860 ac
316 799 364 858 vix
379 798 517 876 suppositi
532 797 685 874 tinguntur
699 799 835 874 sanguine
850 799 935 857 cultri

268 900 436 957 summaque
451 879 548 938 ieiuna
563 879 641 938 sanie
656 878 816 937 infuscatur
829 882 945 939 harena.

268 961 338 1020 hinc
354 961 434 1019 laetis
448 959 533 1018 vituli
549 960 636 1035 vulgo
651 959 813 1018 moriuntur
826 959 857 1018 in
871 960 967 1019 herbis

268 1058 298 1101 ct
312 1042 412 1106 dulces
426 1041 535 1100 animas
548 1041 636 1118 plena
651 1040 687 1098 ad
701 1041 844 1119 praesepia
858 1041 984 1100 reddunt
998 1067 1007 1112 ;

268 1123 338 1182 hinc
354 1121 473 1181 canibus
488 1121 598 1180 blandis
613 1121 704 1180 rabies
719 1120 810 1192 venit,
825 1136 854 1179 et
868 1122 960 1199 quatit
974 1143 1069 1199 aegros

269 1204 351 1263 tussis
365 1203 468 1262 anhela
483 1223 546 1261 sues
561 1222 593 1262 ac
606 1201 740 1261 faucibus
755 1202 833 1276 angit
847 1202 948 1261 obesis.

269 1284 374 1343 labitur
388 1283 492 1342 infelix
507 1283 668 1342 studiorum
682 1298 768 1361 atque
783 1283 927 1341 inmemor
940 1285 1045 1342 herbae

269 1365 361 1423 victor
375 1384 465 1441 equus
480 1365 630 1441 fontesque
645 1363 783 1422 avertitur
797 1379 826 1422 et
839 1365 913 1441 pede
929 1380 1032 1422 terram

270 1445 368 1504 crebra
382 1445 471 1516 ferit;
491 1444 630 1502 demissae
645 1464 735 1516 aures,
750 1444 878 1503 incertus
892 1445 1000 1504 ibidem
1097 1475 1136 1513 500

269 1526 353 1584 sudor
367 1541 397 1584 et
411 1525 462 1584 illc
476 1525 594 1604 quidem
608 1524 751 1583 morituris
766 1525 893 1601 frigidus,
909 1541 969 1584 aret

269 1606 352 1684 pellis
368 1621 397 1664 et
412 1607 448 1664 ad
463 1621 572 1664 tactum
587 1606 721 1665 tractanti
735 1605 805 1665 dura
819 1606 932 1665 resistit.

269 1690 340 1746 haec
355 1703 421 1746 ante
436 1687 557 1745 exitium
572 1686 672 1764 primis
687 1687 756 1746 dant
770 1687 850 1762 signa
864 1687 985 1759 diebus;

269 1768 312 1826 sin
327 1767 358 1826 in
372 1787 506 1846 processu
521 1767 617 1844 coepit
632 1767 799 1826 crudescere
814 1769 937 1838 morbus,

269 1865 333 1907 tum
347 1870 415 1907 vero
429 1850 558 1907 ardentes
573 1847 651 1907 oculi
666 1863 752 1928 atque
766 1864 901 1908 attractus
915 1849 951 1906 ab
964 1850 1024 1907 alto

269 1929 392 2006 spiritus,
407 1929 554 1987 interdum
569 1928 676 2004 gemitu
691 1929 790 2006 gravis,
806 1929 919 2009 imaque
933 1930 1019 2005 longo

269 2009 318 2068 ilia
333 2009 460 2084 singultu
476 2010 609 2082 tendunt,
624 2009 648 2068 it
663 2011 779 2070 naribus
794 2027 853 2069 ater

269 2090 380 2165 sanguis
396 2106 424 2148 et
439 2090 561 2150 obsessas
576 2091 672 2150 fauces
685 2091 792 2168 premit
806 2113 903 2170 aspera
918 2091 1024 2167 lingua.

268 2170 378 2249 profuit
392 2171 500 2230 inserto
514 2171 610 2230 latices
625 2171 778 2230 infundere
793 2193 883 2231 cornu

269 2253 397 2311 Lenaeos
410 2276 419 2322 3
440 2273 473 2310 ea
487 2253 545 2311 visa
559 2253 631 2311 salus
646 2253 834 2312 morientibus
848 2273 926 2323 una;
1098 2283 1138 2320 510

269 2352 338 2392 mox
351 2348 412 2393 erat
426 2334 481 2391 hoc
496 2333 590 2411 ipsum
605 2333 703 2406 exitio,
718 2333 855 2411 furiisque
869 2333 972 2392 refecti

270 2415 407 2472 ardebant
421 2413 533 2492 ipsique
547 2435 611 2473 suos
625 2415 682 2472 iam
697 2429 789 2472 morte
804 2414 855 2472 sub
871 2433 993 2488 aegra-

270 2495 299 2552 di
315 2495 433 2554 meliora
447 2495 502 2573 piis
517 2515 700 2575 erroremque
715 2494 842 2552 hostibus
856 2494 941 2552 illum
954 2495 999 2553 ἔ-

269 2575 397 2635 discissos
411 2576 496 2634 nudis
511 2576 659 2635 laniabant
674 2574 808 2634 dentibus
822 2590 906 2634 artus.

269 2675 337 2714 ecce
352 2674 448 2716 autem
462 2657 535 2716 duro
549 2657 661 2716 fumans
676 2657 729 2714 sub
742 2676 858 2715 vomere
873 2670 969 2714 taurus

269 2736 397 2795 concidit
410 2753 440 2796 et
454 2737 578 2796 mixtum
591 2737 698 2816 spumis
712 2737 804 2796 vomit
817 2757 865 2796 ore
879 2756 1010 2795 cruorem

269 2831 469 2897 extremosque
485 2817 542 2877 ciet
555 2818 686 2893 gemitus.
728 2818 751 2876 it
765 2818 851 2877 tristis
867 2834 958 2877 arator

269 2913 444 2956 maerentem
458 2899 615 2974 abiungens
629 2900 753 2958 fraterna
766 2915 857 2958 morte
872 2899 1037 2970 iuvencum,

269 2991 355 3054 atque
371 2999 456 3054 opere
470 2979 501 3037 in
516 2979 613 3038 medio
627 2980 721 3038 defixa
736 2980 876 3057 relinquit
891 2996 990 3038 aratra.

268 3076 328 3114 non
344 3059 460 3116 umbrae
476 3060 598 3118 altorum
609 3079 770 3130 nemorum,
783 3080 843 3117 non
854 3061 954 3118 mollia
967 3075 1085 3137 possunt

267 3153 348 3216 prata
361 3157 475 3196 movere
490 3140 631 3213 animum,
645 3161 705 3199 non
720 3139 769 3218 qui
784 3161 835 3217 per
849 3161 915 3200 saxa
929 3142 1043 3200 volutus
1095 3169 1132 3206 521

267 3217 366 3296 purior
380 3218 487 3277 electro
501 3240 636 3298 campum
651 3221 725 3299 petit
739 3221 829 3278 amnis
841 3244 850 3289 3
872 3236 901 3279 at
915 3221 972 3280 ima

268 3298 419 3357 solvuntur
433 3299 521 3358 latera
537 3318 622 3379 atque
637 3301 734 3361 oculos
749 3317 849 3379 stupor
863 3319 967 3378 urguet
981 3301 1095 3370 inertes,

454 3402 499 3454 513
518 3395 673 3456 ardoremque.
741 3405 787 3457 519
804 3394 903 3457 reliquit.
