2568 4114
257 366 302 413 174
533 351 560 400 P.
577 349 719 398 vsaonr
737 350 894 400 nauouts

301 480 392 540 saevit
406 499 494 552 amor,
510 498 672 556 magnoque
687 477 792 537 irarum
806 476 929 537 fluctuat
942 495 1033 539 aestu.

300 563 340 621 sic
355 561 428 621 adeo
443 559 558 632 insistit,
574 579 730 637 secumque
745 558 785 617 ita
800 559 887 617 corde
901 559 1035 620 volutat:

281 649 347 716 ‘en,
362 641 433 720 quid
448 644 522 716 ago?
543 660 677 699 rursusne
691 660 793 717 procos
807 638 893 701 inrisa
907 640 1014 718 priores

301 723 441 802 experiar,
457 719 685 798 Nomadumque
700 736 798 798 petam
814 721 938 781 conubia
953 723 1084 801 supplex,

301 826 372 884 quos
388 824 440 880 ego
455 802 509 860 sim
524 801 630 860 totiens
646 801 704 860 iam
718 801 873 876 dedignata
888 803 1026 862 maritos?

301 886 403 947 Iliacas
418 883 505 960 igitur
519 883 620 940 classes
635 896 723 959 atque
737 881 839 943 ultima
855 884 1005 943 Teucrum

301 968 375 1026 iussa
390 968 513 1043 sequar?
534 961 641 1041 quiaue
656 962 764 1021 auxilio
779 962 859 1022 iuvat
873 979 942 1024 aute
956 964 1075 1037 levatos,

302 1063 332 1107 et
345 1048 422 1106 bene
437 1045 515 1123 apud
529 1063 671 1102 memores
687 1043 791 1102 veteris
804 1059 860 1102 stat
874 1045 963 1121 gratia
977 1046 1070 1104 facti?

301 1129 366 1207 quis
379 1147 426 1185 me
441 1142 548 1198 autem,
564 1125 610 1184 fac
625 1124 713 1196 velle,
728 1123 813 1196 sinet,
829 1125 973 1184 ratibusve
987 1127 1115 1204 superbis
1129 1154 1164 1193 ⁵⁴0

301 1208 424 1267 invisam
439 1207 586 1284 accipiet?
606 1205 700 1264 nescis
713 1206 780 1277 heu,
795 1204 918 1283 perdita,
933 1207 1060 1266 necdum

302 1288 537 1348 Laomedonteae
553 1287 641 1345 sentis
656 1285 781 1364 periuria
796 1285 912 1362 gentis?

302 1369 373 1448 quid
388 1372 474 1428 tum?
494 1368 554 1426 sola
569 1368 636 1444 fuga
652 1383 753 1426 nautas
768 1367 928 1426 comitabor
941 1373 1083 1428 ovantes?

303 1471 339 1509 an
354 1449 448 1527 Tyriis
463 1448 602 1526 omnique
618 1469 706 1507 manu
722 1449 826 1526 stipata
841 1469 972 1508 meorum

302 1531 419 1603 inferar,
435 1544 473 1601 et,
489 1549 559 1607 quos
575 1528 693 1587 Sidonia
709 1529 756 1587 vix
772 1530 843 1588 urbe
859 1530 969 1601 revelli,

302 1632 397 1671 rursus
412 1630 492 1686 agam
506 1609 618 1687 pelago,
635 1624 664 1667 et
678 1610 773 1668 ventis
789 1610 856 1668 dare
871 1612 935 1669 vela
950 1611 1080 1670 iubebo?

303 1692 374 1772 quin
389 1711 510 1762 morere,
526 1706 558 1749 ut
573 1689 675 1749 merita
691 1711 728 1762 es,
745 1691 880 1770 ferroque
894 1707 992 1752 averte
1006 1693 1145 1752 dolorem.

303 1791 335 1833 tu
350 1771 475 1832 lacrimis
490 1771 583 1830 evicta
598 1771 679 1844 meis,
696 1786 727 1830 tu
742 1771 835 1849 prima
850 1773 997 1831 furentem

302 1855 356 1928 his,
371 1874 517 1931 germana,
532 1852 615 1912 malis
629 1872 740 1924 oneras,
756 1868 843 1931 atque
857 1853 947 1912 obicis
962 1853 1047 1912 hosti.

303 1956 364 1993 uon
379 1934 464 1994 licuit
478 1933 596 1992 thalami
613 1949 762 2011 expertem
776 1934 838 1992 sine
853 1934 975 1993 crimine
988 1935 1079 1994 vitam
1133 1962 1168 2001 ⁵⁵0

304 2016 418 2092 degere,
433 2035 512 2073 more
527 2015 615 2087 ferae,
631 2014 702 2072 tales
718 2034 773 2073 nec
789 2029 906 2091 tangere
921 2036 1021 2085 curas3

304 2117 364 2155 non
380 2112 489 2154 servata
503 2095 583 2166 fides,
598 2094 690 2154 cineri
705 2095 843 2173 promissa
859 2096 1009 2174 Sychaeo!

304 2193 401 2236 tantos
414 2176 466 2234 illa
480 2197 531 2234 suo
545 2175 699 2253 rumpebat
712 2192 832 2254 pectore
847 2193 972 2255 questus.

342 2259 457 2316 Aeneas
471 2257 547 2315 celsa
561 2256 593 2314 in
607 2257 709 2335 puppi,
724 2257 781 2315 iam
796 2273 891 2316 certus
907 2257 1005 2330 eundi,

304 2339 441 2417 carpebat
456 2358 579 2410 somnos,
594 2338 679 2396 rebus
694 2337 751 2396 iarn
765 2338 820 2397 rite
835 2340 951 2416 paratis.

303 2421 372 2480 huic
387 2440 417 2480 se
432 2420 524 2478 forma
539 2418 586 2477 dei
600 2418 685 2477 vultu
700 2415 849 2478 redeuntis
864 2420 965 2480 eodem

303 2501 412 2560 obtulit
425 2500 457 2560 in
472 2499 587 2571 somnis,
603 2519 754 2578 rursusque
770 2499 811 2559 ita
824 2500 883 2560 visa
897 2521 1017 2560 monere
1032 2515 1084 2572 est,

303 2582 402 2641 omnia
417 2579 567 2639 Mercurio
582 2579 691 2652 similis,
706 2601 868 2659 vocemque
882 2583 1068 2659 coloremque

305 2677 334 2722 et
348 2662 443 2722 crines
457 2660 545 2720 flavos
560 2675 589 2720 et
603 2662 733 2720 membra
747 2662 851 2721 decora
866 2662 1002 2721 iuventa:

284 2749 372 2802 ‘nate
386 2743 450 2815 dea,
465 2757 547 2820 potes
562 2743 617 2800 hoc
632 2743 684 2800 sub
699 2763 766 2802 casu
780 2744 886 2802 ducere
901 2746 1034 2801 somnos?
1134 2757 1169 2807 560
1256 2753 1257 2792 l

304 2844 369 2897 nec,
385 2844 458 2903 quae
474 2838 503 2881 te
518 2822 630 2881 circum
645 2838 723 2881 stent
737 2823 845 2883 deinde
859 2823 998 2902 pericula,
1014 2822 1118 2895 cernis,

303 2905 433 2976 demens,
449 2924 503 2962 nec
520 2903 672 2982 Zephyros
686 2904 767 2963 audis
782 2905 888 2982 spirare
902 2904 1064 2964 secundos?

304 2984 355 3042 illa
370 2984 452 3042 dolos
466 2984 619 3063 dirumque
634 2985 716 3044 nefas
730 2985 761 3044 in
775 3001 896 3063 pectore
909 3001 1013 3058 versat,

305 3081 383 3123 certa
398 3065 480 3138 mori,
495 3065 644 3144 variosque
659 3065 765 3126 irarum
780 3067 909 3125 concitat
924 3080 1027 3125 aestus.

305 3165 366 3203 non
381 3145 453 3220 fugis
471 3147 540 3205 hinc
555 3167 701 3224 praeceps,
716 3147 786 3206 dum
800 3146 991 3224 praecipitare
1006 3147 1150 3224 potestas?

305 3224 363 3284 iam
377 3245 455 3284 mare
471 3227 577 3285 turbari
592 3227 728 3299 trabibus,
744 3247 897 3306 saevasque
911 3226 1024 3286 videbis

305 3306 451 3365 collucere
466 3307 553 3380 faces,
568 3307 625 3365 iam
641 3308 753 3366 fervere
768 3307 854 3366 litora
869 3307 1001 3380 flammis,

299 3413 343 3462 541
362 3399 465 3449 inrisam.
501 3411 547 3462 552
565 3399 668 3462 Sychaei.
704 3401 750 3464 564
768 3402 898 3466 varioque.
916 3437 923 3451 .
941 3436 947 3451 .
965 3401 1064 3450 fluctuat
1075 3408 1146 3448 aestu.
