2568 4114
259 375 306 424 262
530 373 557 421 P.
574 373 717 421 VERGlLI
735 371 892 421 MARONIS

299 520 361 562 tum
376 524 426 562 rex
442 504 595 562 Euandrus
611 503 760 561 Romanae
775 502 912 560 conditor
925 503 997 562 arcis
1012 526 1019 562 ε

278 588 368 644 ‘haec
380 605 500 644 nemora
512 584 668 660 indigenae
680 583 772 642 Fauni
784 583 1002 661 Nymphaeque
1014 585 1170 659 tenebant,

298 686 425 744 gensque
440 665 533 724 virum
549 665 660 724 truncis
675 681 705 724 et
719 664 792 722 duro
806 664 909 722 robore
924 680 1003 736 nata,

298 747 362 826 quis
373 767 470 825 neque
482 767 543 805 mos
555 767 652 824 neque
667 747 763 805 cultus
776 759 845 817 erat,
856 765 912 803 nee
924 745 1045 821 iungere
1061 762 1169 819 tauros,

298 843 347 887 aut
362 847 538 905 componere
552 847 622 904 opes
636 842 752 899 norant,
767 841 817 885 aut
831 846 948 903 parcere
963 843 1059 904 parto,

298 909 349 967 sed
362 907 435 967 rami
450 923 538 986 atque
553 928 635 985 asper
648 907 728 967 victu
742 922 864 965 venatus
880 907 985 966 alebat.

297 989 407 1067 primus
423 990 458 1048 ab
473 989 603 1047 aetherio
617 988 700 1047 venit
715 989 855 1047 Saturnus
871 988 1010 1066 Olympo,

298 1091 376 1129 arma
390 1070 467 1128 Iovis
483 1070 597 1146 fugiens
612 1085 642 1129 et
656 1067 751 1146 regnis
765 1069 846 1127 exsul
862 1068 1013 1146 ademptis.
1128 1099 1171 1138 320

298 1151 321 1209 is
335 1171 424 1227 genus
439 1151 569 1210 indocile
584 1172 617 1210 ac
632 1151 793 1228 dispersum
808 1149 955 1207 montibus
970 1149 1036 1206 altis

298 1232 461 1309 composuit
476 1233 612 1310 legesque
627 1232 709 1290 dedit
722 1231 899 1308 Latiumque
913 1229 1010 1288 vocari

297 1313 410 1384 maluit,
424 1313 469 1370 his
485 1313 624 1391 quoniam
640 1311 771 1371 latuisset
785 1326 863 1369 tutus
878 1309 909 1368 in
924 1310 990 1370 oris.

297 1414 391 1464 aurea,
407 1413 481 1471 quae
495 1393 663 1470 perhibent,
679 1393 730 1451 illo
744 1392 797 1451 sub
811 1411 878 1468 rege
893 1391 1013 1450 fuerunt

297 1473 430 1532 saecula:
452 1473 493 1532 sic
509 1474 623 1551 placida
637 1474 761 1551 populos
774 1473 806 1530 in
820 1493 892 1550 pace
906 1473 1023 1548 regebat
1035 1497 1045 1542 ;

296 1553 423 1614 deterior
436 1554 531 1612 donec
547 1555 688 1631 paulatim
703 1575 736 1612 ac
752 1553 870 1612 decolor
883 1569 958 1612 aetas

297 1651 326 1694 et
339 1635 410 1693 belli
426 1633 517 1692 rabies
533 1651 562 1692 et
577 1655 658 1694 amor
672 1635 809 1693 successit
823 1633 959 1693 habendi.

297 1731 358 1774 tum
373 1735 474 1774 manus
488 1715 618 1774 Ausonia
634 1730 663 1774 et
677 1731 778 1792 gentes
793 1736 899 1774 venere
916 1715 1047 1786 Sicanae,

297 1796 408 1874 saepius
424 1813 453 1856 et
467 1817 575 1855 nomen
591 1796 689 1874 posuit
705 1795 839 1855 Saturnia
853 1797 949 1855 tellus.

297 1893 359 1936 tum
374 1898 452 1954 reges
468 1898 608 1956 asperque
623 1877 735 1936 inmani
750 1897 871 1954 corpore
886 1875 1024 1953 Thybris,
1127 1906 1167 1946 330

297 1978 384 2036 aquo
396 1973 462 2035 post
477 1958 545 2016 Itali
561 1958 685 2018 fluvium
700 1957 873 2034 cognomine
888 1957 1035 2035 Thybrim

296 2038 421 2096 diximus
434 2063 444 2109 ;
464 2038 560 2097 amisit
575 2059 677 2097 verum
691 2055 773 2097 vetus
787 2040 894 2098 Albula
908 2058 1027 2098 nomen.

295 2138 342 2177 me
356 2120 472 2195 pulsum
486 2119 579 2197 patria
595 2119 749 2198 pelagique
764 2134 893 2178 extrema
910 2133 1082 2197 sequentem

296 2200 423 2257 Fortuna
436 2199 621 2278 omnipotens
639 2216 668 2259 et
683 2200 873 2259 ineluctabile
888 2200 980 2258 fatum

295 2278 340 2336 his
354 2299 476 2357 posuere
490 2281 571 2353 locis,
588 2281 743 2359 matrisque
759 2301 842 2356 egere
857 2280 1008 2340 tremenda

297 2359 460 2419 Carmentis
476 2364 621 2440 nymphae
639 2361 749 2421 monita
765 2377 794 2420 et
808 2361 879 2419 deus
894 2376 995 2419 auctor
1008 2359 1137 2437 Apollo?

295 2439 344 2498 vix
359 2461 391 2499 ea
406 2439 507 2512 dicta;
528 2441 636 2500 debinc
653 2462 816 2520 progressus
830 2456 972 2500 monstrat
987 2456 1017 2498 et
1030 2460 1111 2498 aram

296 2536 325 2578 et
341 2521 557 2580 Carmentalem
574 2522 699 2582 Romani
715 2522 835 2581 nomine
850 2537 964 2601 portam

295 2620 381 2680 quam
406 2619 578 2675 memorant,
603 2605 749 2682 nymphae
771 2603 899 2682 priscum
921 2601 1087 2662 Carmentis
1111 2602 1166 2660 ho·

378 2703 488 2755 norem,

294 2762 367 2820 vatis
381 2763 526 2836 fatidicae,
543 2765 652 2824 cecinit
669 2786 742 2845 quae
758 2766 850 2843 prima
866 2765 978 2823 futuros
1128 2793 1167 2832 κο

294 2842 446 2902 Aeneadas
461 2865 578 2921 magnos
595 2861 624 2904 et
640 2847 740 2906 nobile
758 2846 951 2904 Pallanteum.

294 2922 364 2981 hinc
380 2925 479 2985 lucum
495 2927 656 3002 ingentem,
671 2947 760 3005 quem
776 2927 918 2985 Romulus
933 2945 999 2984 acer
1012 2924 1140 3002 Asylum

295 3005 417 3076 rettulit,
433 3022 463 3065 et
477 3007 572 3082 gelida
588 3023 728 3066 monstrat
743 3006 796 3065 sub
811 3027 882 3084 rupe
898 3005 1052 3084 Lupercal,

297 3083 445 3146 Parrhasio
460 3087 573 3148 dictum
589 3089 681 3146 Panos
696 3088 732 3146 de
747 3107 827 3146 more
842 3087 959 3164 Lycaei.

295 3183 349 3222 nec
365 3185 425 3224 non
441 3184 470 3226 et
485 3170 556 3228 sacri
572 3183 712 3228 monstrat
727 3188 829 3229 nemus
843 3167 976 3244 Argileti,

296 3258 474 3325 testaturque
489 3250 597 3321 locum,
614 3264 643 3308 et
657 3250 750 3308 letum
765 3249 851 3306 docet
865 3247 986 3326 hospitis
1001 3245 1080 3323 Argi.

294 3324 364 3384 hinc
379 3328 416 3386 ad
431 3329 588 3406 Tarpeiam
604 3330 701 3388 sedem
717 3344 746 3387 et
761 3328 909 3406 Capitolia
923 3328 1015 3398 ducit,

613 3426 657 3489 338
676 3427 794 3474 Romano.
