2568 4114
246 362 295 413 270
518 347 546 399 r.
562 345 706 395 venerut
722 345 880 394 metrorus

287 480 406 540 Silvano
420 479 498 538 fama
512 492 555 536 est
568 492 679 536 veteres
694 495 816 534 sacrasse
832 474 972 550 Pelasgos,
1117 494 1162 534 σω
1256 541 1257 552 χ

285 581 421 620 arvorum
434 559 606 638 pecorisque
620 558 687 630 deo,
702 557 861 634 lucumque
875 555 1023 634 diemque,

285 642 336 721 qui
351 641 438 719 primt
430 640 526 698 fines
540 639 699 718 aliquando
711 637 839 696 habuere
854 636 985 697 Latinos.

286 722 364 782 haud
378 721 480 800 procul
494 720 565 779 hinc
580 719 700 778 Tarcho
715 734 745 778 et
759 717 908 796 Tyrrheni
924 733 986 776 tuta
1000 719 1145 779 tenebant

287 819 378 863 castra
378 744 474 875 plocis,
489 801 627 878 celsoque
642 798 737 859 omnis
750 799 788 858 de
802 798 880 858 colle
894 797 986 857 videri

286 886 344 944 iarn
357 898 471 962 poterat
484 881 570 958 legio,
586 897 617 940 et
630 880 696 940 latis
711 878 874 939 tendebat
865 900 898 937 ιιι
912 879 996 939 arvis.

285 967 345 1024 huc
360 979 443 1043 pater
456 964 570 1021 Aeneas
585 977 616 1021 et
629 962 709 1021 bello
723 960 821 1019 lecta'
813 975 948 1018 ruventus

287 1046 459 1117 succedunt,
475 1043 601 1122 fessique
615 1059 645 1102 et
660 1063 749 1121 equos
764 1057 793 1100 et
808 1061 927 1118 corpora
938 1057 1055 1102 ffcurant

329 1143 358 1186 at
371 1126 475 1184 Venus
488 1123 654 1184 aetherios
646 1139 724 1182 rnter
737 1122 792 1182 dea
807 1122 929 1180 candida
943 1121 1058 1182 nimbos

286 1209 364 1267 dona
379 1206 473 1264 ferens
487 1206 608 1276 aderat3
629 1219 789 1282 natumque
802 1203 834 1261 in
848 1203 924 1261 valle
937 1203 1059 1262 reducta
1256 1267 1257 1278 ἶ

288 1305 320 1347 ut
335 1287 436 1364 procul
451 1302 481 1346 et
495 1286 593 1362 gelido
608 1300 751 1344 secretum
765 1270 888 1343 flumine
902 1283 984 1357 vidit,
1119 1303 1158 1342 610
1256 1289 1257 1346 l

288 1368 393 1427 talibus
407 1367 504 1425 adfata
518 1382 561 1425 est
575 1366 662 1424 dictis
675 1385 764 1444 seque
778 1362 886 1424 obtulit
900 1365 998 1424 ultro:
1256 1363 1257 1372 ’

267 1455 325 1508 ‘en
340 1448 470 1526 perfecta
484 1447 543 1505 mei
557 1447 696 1525 promissa
710 1445 841 1521 coniugis
856 1461 916 1504 arte

288 1548 418 1600 munera,
434 1547 472 1586 ne
486 1547 553 1586 mox
568 1542 618 1586 aut
633 1527 803 1600 Laurentes,
818 1541 895 1599 nate,
909 1527 1056 1604 superbos,

288 1625 339 1669 aut
353 1628 448 1668 acrem
463 1607 578 1666 dubites
592 1607 624 1666 in
638 1608 748 1686 proelia
763 1628 879 1686 poscere
894 1607 1051 1668 Turnum!

287 1689 372 1762 dixit,
387 1704 418 1748 et
432 1689 582 1766 amplexus
597 1689 658 1747 nati
675 1689 822 1765 Cytherea
836 1687 963 1766 petivit;

289 1791 366 1830 arma
380 1770 434 1830 sub
447 1770 565 1829 adversa
578 1768 675 1847 posuit
689 1769 832 1828 radiantia
846 1789 966 1847 quercu.

288 1852 339 1910 ille
354 1852 425 1910 deae
440 1851 525 1910 donis
544 1867 574 1910 et
590 1867 672 1910 tanto
686 1850 779 1910 lactus
793 1851 902 1909 honore
1256 1887 1257 1920 ι

288 1932 399 2011 expleri
414 1933 519 2011 nequit
532 1946 618 2010 atque
632 1932 732 1990 oculos
746 1952 799 2008 per
813 1931 926 2006 singula
938 1930 1040 2002 volvit,
1256 1975 1257 2002 ,

289 2014 468 2091 miraturque
483 2013 619 2106 interque
633 2032 735 2072 manus
747 2027 780 2071 et
795 2012 928 2071 bracchia
941 2027 1036 2070 versat
1256 2003 1257 2030 ¹

290 2093 450 2152 terribilem
465 2093 557 2151 cristis
571 2093 684 2169 galeam
698 2092 887 2171 flammasque
901 2108 1080 2186 vomentem,
1119 2109 1159 2150 σω
1256 2099 1257 2160 l

289 2174 510 2267 fatiferumque
512 2193 621 2246 ensem,
636 2173 756 2232 loricam
771 2194 806 2232 ex
821 2195 887 2232 aere
901 2173 1054 2250 rigentem,

289 2253 486 2330 sanguineam,
502 2253 662 2330 ingentem,
677 2254 770 2333 qualis
785 2275 853 2314 cum
868 2254 982 2312 caerula
995 2255 1088 2336 nubes

289 2335 355 2394 solis
370 2334 527 2394 inardescit
541 2335 627 2393 radiis
642 2335 787 2412 longeque
802 2335 949 2411 refulget3

290 2431 353 2475 tum
367 2415 445 2474 leves
460 2435 558 2474 ocreas
574 2417 682 2474 electro
697 2435 824 2494 auroque
839 2430 965 2489 recocto,

288 2497 468 2575 hastamque,
484 2513 513 2556 et
528 2497 616 2573 clipei
631 2516 692 2554 non
707 2497 868 2555 enarrabile
882 2513 1007 2557 textum.
1061 2508 1064 2514 “

288 2577 351 2636 illic
366 2597 409 2636 res
424 2578 512 2636 Italas
528 2577 785 2670 Romanorumque
801 2577 971 2656 triumphos,

288 2658 367 2717 haud
381 2673 481 2716 vatum
495 2658 611 2734 ignarus
624 2658 797 2736 venturique
812 2658 919 2717 inscius
933 2658 1006 2730 aevi,

289 2738 398 2798 fecerat
412 2737 605 2815 Ignipotens;
625 2739 688 2798 illic
702 2758 793 2815 genus
807 2759 895 2799 omne
910 2740 1024 2798 futurae

289 2818 384 2898 stirpis
398 2820 435 2878 ab
448 2819 574 2878 Ascanio
588 2835 774 2898 pugnataque
788 2820 820 2878 in
834 2820 936 2880 ordine
951 2819 1038 2878 bella.

290 2899 399 2958 fecerat
413 2916 443 2959 et
457 2901 542 2959 viridi
558 2900 648 2958 fetam
664 2901 805 2960 Mavortis
820 2900 851 2959 in
866 2913 950 2960 antro

289 2981 475 3057 procubuisse
490 2982 612 3058 lupam3
632 2981 763 3057 geminos
777 2982 847 3041 huic
862 2980 989 3040 ubera
963 3001 1076 3052 crrcum

289 3059 391 3120 ludere
404 3062 567 3139 pendentes
581 3083 686 3155 pueros
702 3077 731 3122 et
745 3062 872 3122 lambere
887 3077 1008 3122 matrem

290 3139 462 3216 inpavidos;
483 3143 564 3201 illam
580 3143 663 3202 tereti
678 3143 793 3203 cervice
806 3142 914 3203 reflexa

290 3220 419 3280 mulcere
433 3223 559 3282 alternos
575 3239 605 3283 et
619 3245 739 3301 corpora
753 3223 862 3300 fingere
876 3225 986 3302 lingua.

290 3320 345 3359 nec
357 3302 461 3378 procul
476 3303 548 3362 hinc
564 3305 688 3364 Romam
704 3321 733 3364 et
747 3322 840 3383 raptas
855 3306 918 3364 sinc
932 3325 1012 3364 more
1028 3303 1151 3363 Sabinas

496 3422 544 3470 διο
561 3425 655 3484 egelido.
723 3425 769 3488 ⁶³3
788 3425 907 3477 reflexam.
