2562 4114
268 391 316 440 ²90
541 371 568 423 P.
585 371 729 422 VERGILI
746 372 904 421 MARONIS

306 504 424 565 sustulit
438 505 495 564 alta
509 517 610 582 petens
625 502 746 581 pedibus
762 501 839 560 lovis
853 501 977 578 armiger
990 501 1084 574 uncis,

305 587 471 666 quaesitum
486 600 536 645 aut
550 583 635 644 matri
650 584 749 644 multis
763 583 905 642 balatibus
920 603 1026 660 agnum

307 667 435 727 Martius
449 688 465 726 a
479 665 598 725 stabulis
613 665 711 744 rapuit
724 666 820 744 lupus.
862 663 992 743 undique
1006 664 1117 724 clamor

305 749 442 820 tollitur;
462 746 607 806 invadunt
621 761 652 805 et
666 746 752 806 fossas
767 764 867 822 aggere
882 745 1053 823 complent3

305 830 437 889 ardentes
452 827 547 887 taedas
562 827 612 885 alii
628 827 664 885 ad
679 826 791 902 fastigia
805 825 923 885 iactant.
1267 877 1268 914 q

306 911 434 968 Ilioneus
448 929 516 968 saxo
527 922 615 987 atque
629 907 742 984 ingenti
758 906 899 983 fragmine
913 906 1021 966 montis
1267 915 1268 958 l

305 991 462 1050 Lucetium
477 1004 576 1067 portae
592 989 766 1048 subeuntem
780 987 920 1066 ignesque
934 989 1088 1059 ferentem,
1138 1017 1176 1058 ⁵7⁰
1267 999 1268 1040 l

305 1072 481 1130 Emathiona
496 1070 592 1146 Liger,
609 1070 794 1148 Corynaeum
809 1069 911 1128 sternit
924 1067 1028 1140 Asilas,

304 1153 352 1211 hic
367 1152 462 1211 iaculo
476 1152 579 1224 bonus,
594 1151 644 1210 hic
659 1151 747 1226 longe
763 1150 881 1208 fallente
896 1149 1018 1225 sagitta3

305 1234 463 1312 Ortygium
478 1233 622 1305 Caeneus,
638 1231 780 1291 victorem
796 1231 914 1289 Caenea
929 1230 1061 1302 Turnus,
1267 1299 1268 1306 ἵ

305 1314 425 1372 Turnus
440 1315 508 1390 Ityn
525 1313 735 1406 Cloniumque,
750 1310 934 1390 Dioxippum
949 1311 1172 1389 Promolumque
1267 1351 1268 1366 r

305 1411 334 1452 et
350 1394 475 1470 Sagarim
489 1409 519 1452 et
533 1393 652 1454 summis
668 1407 789 1452 stantem
803 1413 856 1470 pro
870 1391 994 1451 turribus
1009 1393 1104 1462 Idan3

306 1474 477 1533 Privernum
487 1475 594 1553 Capys.
636 1475 715 1532 hunc
728 1473 821 1551 primo
833 1473 904 1532 levis
914 1475 995 1532 hasta
1004 1473 1171 1531 Themillae
1267 1479 1268 1482 ’

304 1555 477 1614 strinxerat:
499 1554 550 1612 ille
565 1575 685 1613 manum
700 1553 829 1632 proiecto
844 1553 972 1629 tegmine
985 1553 1106 1612 demens

304 1636 339 1694 ad
353 1635 458 1694 vulnus
474 1636 565 1705 tulit;
587 1655 654 1711 ergo
670 1635 722 1693 alis
737 1635 851 1711 adlapsa
864 1633 976 1709 sagitta,

304 1732 333 1774 et
348 1715 430 1774 laevo
444 1715 533 1774 infixa
549 1731 592 1774 est
607 1715 691 1774 lateri
707 1735 819 1786 manus,
833 1714 987 1793 abditaque
1001 1713 1083 1775 intus
1267 1763 1268 1774 2

303 1796 477 1873 spiramenta
490 1796 601 1856 animae
618 1797 699 1856 letali
711 1797 829 1856 vulnere
843 1795 931 1875 rupit.
1135 1811 1172 1864 sto
1267 1817 1268 1876 l

303 1877 396 1936 stabat
410 1877 440 1936 in
457 1877 576 1954 egregiis
590 1877 726 1936 Arcentis
740 1877 816 1946 filius
830 1877 923 1949 armis,
1267 1879 1268 1886 ³

302 1958 397 2036 pictus
412 1979 464 2018 acu
480 1959 665 2036 chlamydem
680 1973 711 2018 et
725 1958 870 2034 ferrugine
885 1959 977 2016 clarus
989 1955 1112 2029 Hibera,

302 2038 422 2115 insignis
437 2039 518 2109 facie,
535 2039 649 2115 genitor
663 2057 752 2119 quem
767 2039 882 2098 miserat
895 2039 1014 2111 Arcens,

303 2120 440 2178 eductum
457 2120 561 2178 Matris
577 2121 645 2180 luco
662 2120 826 2198 Symaethia
839 2119 949 2180 circum

302 2198 475 2272 flumina,
447 2201 563 2277 pinguis
578 2201 628 2260 ubi
643 2215 672 2260 et
686 2200 837 2279 placabilis
851 2221 898 2259 ara
913 2198 1026 2258 Palici:

302 2279 473 2340 stridentem
487 2281 608 2340 fundam
624 2281 725 2360 positis
740 2280 907 2340 Mezentius
919 2279 1009 2339 hastis

301 2359 362 2438 ipse
377 2376 421 2420 ter
435 2361 600 2421 adducta
575 2381 686 2421 cneum
701 2377 789 2440 caput
805 2362 863 2437 egit
877 2361 997 2434 habena,

301 2457 331 2500 et
345 2442 440 2501 media
454 2442 563 2502 adversi
581 2443 741 2522 liquefacto
755 2457 882 2520 tempora
896 2441 1019 2520 plumbo

301 2523 414 2594 diffidit,
428 2543 461 2582 ac
476 2523 568 2582 multa
584 2538 751 2601 porrectum
765 2523 897 2582 extendit
910 2524 1027 2581 harena.

342 2618 405 2662 tum
419 2602 545 2681 primum
561 2604 641 2663 bello
656 2604 780 2663 celerem
794 2603 953 2664 intendisse
968 2601 1102 2679 sagittam
1132 2631 1171 2672 590
1267 2621 1268 2680 t

300 2683 416 2755 dicitur,
431 2699 497 2743 ante
512 2685 584 2743 feras
599 2684 700 2743 solitus
714 2700 819 2743 terrere
834 2685 955 2761 fugaces,
1267 2681 1268 2736 l

299 2765 449 2837 Ascanius,
463 2765 628 2843 fortemque
644 2785 731 2824 manu
747 2765 854 2824 fudisse
869 2764 1050 2836 Numanum,
1267 2737 1268 2826 l

299 2865 347 2903 eur
340 2844 489 2905 'Remulo
505 2865 668 2921 cognomen
683 2862 752 2920 erat,
768 2845 923 2924 Turnique
937 2844 1084 2903 minorem

299 2945 464 3020 germanam
479 2947 573 3004 nuper
588 2927 716 2986 thalamo
731 2927 853 2987 sociatus
867 2926 1000 2985 habebat.

298 3005 321 3063 is
333 3007 455 3083 primam
470 3023 536 3066 ante
552 3007 644 3066 aciem
657 3007 745 3084 digna
758 3021 845 3086 atque
860 3005 978 3083 indigna
992 3005 1086 3066 relatu

297 3087 458 3147 vociferans
473 3079 659 3167 tumidusque
673 3108 750 3147 novo
763 3087 930 3165 praecordia
944 3105 1033 3164 regno

297 3165 356 3225 ibat
372 3182 401 3225 et
416 3168 565 3244 ingentem
580 3189 640 3228 sese
655 3168 781 3228 clamore
796 3168 927 3227 ferebat:

278 3251 356 3305 ‘non
371 3247 463 3341 pudet
477 3248 650 3308 obsidione
642 3262 748 3309 uterum
763 3248 898 3327 valloque
913 3245 1014 3320 teneri,

297 3326 340 3385 bis
354 3328 432 3406 eapti
448 3329 582 3408 Phryges,
597 3345 628 3389 et
641 3330 728 3390 morti
742 3330 931 3407 praetendere
946 3333 1066 3390 muros?

630 3422 677 3486 584
694 3423 788 3474 Martis.
829 3457 831 3462 »
