2562 4114
228 353 780 403 RVERG1L1MARONISAENE1DOS
798 355 861 404 LIB.
880 355 930 403 XII
983 369 1028 420 351

165 501 220 540 nec
235 500 324 557 genus
340 482 498 542 indecores.
540 482 602 541 sine
614 503 661 541 me
675 484 746 548 haec
762 485 839 543 haud
854 485 954 544 mollia
967 487 1030 546 fatu

165 562 283 622 sublatis
299 564 408 640 aperire
422 563 517 635 dolis;
538 563 623 622 simul
639 565 694 623 hoc
711 565 809 622 animo
823 566 926 626 hauri:

165 661 212 702 me
228 660 324 702 natam
339 644 414 702 nulli
428 659 558 703 veterum
573 645 679 704 sociare
694 665 849 723 procorum

165 726 207 782 fas
221 741 290 796 erat,
305 723 393 803 idque
408 744 509 784 omnes
524 725 642 804 divique
656 725 850 805 hominesque
864 729 1017 791 cauebant.

164 805 257 863 victus
272 825 370 863 amore
386 805 438 875 tui,
454 821 577 882 cognato
592 807 733 883 sanguine
746 807 850 880 victus,

165 885 296 962 coniugis
311 900 340 944 et
354 901 478 945 maestae
493 886 627 960 lacrimis,
642 888 740 950 vincla
754 888 852 946 omnia
866 889 951 966 rupi:
1007 921 1033 958 30

163 967 332 1060 promissam
347 967 439 1046 eripui
454 987 584 1043 genero·
605 988 684 1026 arma
698 969 778 1046 inpia
792 969 908 1046 sumpsi.

166 1067 200 1105 ex
216 1047 268 1105 illo
283 1048 332 1126 qui
348 1068 394 1106 me
410 1067 498 1120 casus,
515 1068 599 1140 quae,
615 1049 728 1140 Turne,
742 1064 897 1126 sequantur

165 1128 250 1198 bella,
265 1128 354 1198 vides,
369 1142 492 1205 quantos
506 1129 616 1221 primus
630 1129 741 1206 patiare
755 1129 875 1189 labores

165 1207 208 1266 bis
223 1228 325 1284 magna
339 1208 409 1266 victi
424 1227 522 1286 pugna
535 1209 583 1267 vix
598 1211 670 1267 urbe
685 1225 800 1268 tuemur

165 1308 228 1365 spes
244 1289 353 1356 Italas3
374 1290 504 1347 recalent
519 1305 617 1348 nostro
632 1289 772 1348 Tiberina
786 1289 896 1350 fluenta

165 1369 303 1443 sanguine
318 1331 422 1441 adhuc,
440 1369 592 1449 campique
606 1370 738 1446 ingentes
753 1371 861 1429 ossibus
876 1372 986 1431 albent

165 1469 223 1541 quo
238 1449 347 1508 referor
362 1450 492 1508 totiens?
514 1471 588 1529 quae
603 1465 733 1510 mentem
748 1447 858 1510 insania
873 1457 989 1511 mutat?

163 1549 187 1587 ει
179 1529 308 1588 Turno
323 1531 469 1589 exstincto
484 1530 575 1589 socios
590 1551 654 1588 sum
670 1531 778 1590 adscire
791 1545 916 1610 paratus,

164 1630 216 1668 cur
230 1629 290 1668 non
304 1611 448 1669 incolumi
463 1611 558 1688 potius
574 1612 734 1670 certamina
749 1613 844 1670 tollo?

164 1691 235 1769 quid
249 1691 456 1768 consanguinei
473 1692 587 1763 Rutuli,
603 1692 674 1772 qui'd
688 1710 783 1752 cetera
797 1693 876 1752 dicet
1006 1724 1032 1762 40

164 1772 258 1843 Italia,
274 1772 310 1830 ad
325 1788 447 1830 mortem
464 1772 485 1830 si
501 1773 629 1830 te-fors
644 1773 722 1832 dicta
736 1773 843 1831 refutet
857 1773 907 1832 !-

164 1851 348 1928 prodiderim,
364 1867 461 1910 natam
477 1867 507 1910 et
522 1853 647 1910 conubia
662 1867 756 1910 nostra
769 1858 943 1930 petentem?

164 1932 273 2009 respice
287 1953 331 1990 res
346 1932 426 1990 bello
441 1933 529 1990 varias
543 1956 552 1998 ;
574 1931 705 1990 miserere
718 1933 846 2012 parentis

165 2012 306 2087 longaevi,
320 2031 408 2090 quem
424 2032 503 2070 nunc
519 2026 661 2070 maestum
674 2013 766 2090 patria
780 2013 875 2070 Ardea
890 2014 975 2090 longe

165 2091 287 2150 dividit.'
328 2092 551 2170 haudquaquam
567 2091 650 2151 dictis
664 2092 803 2152 violentia
819 2093 915 2151 Turni
981 2147 984 2160 ,

165 2171 313 2243 flectitur;
335 2187 487 2250 exsuperat
503 2172 590 2247 magis
606 2173 800 2251 aegrescitque
815 2174 969 2234 medendo.

166 2269 198 2312 ut
212 2253 338 2330 primum
354 2253 406 2310 fari
423 2252 526 2330 potuit,
544 2252 583 2312 sic
599 2252 705 2311 institit
719 2274 788 2313 ore:

146 2339 251 2412 ‘quam
266 2354 317 2410 pro
332 2353 378 2390 me
401 2353 498 2392 curam
520 2333 603 2409 geris,
617 2335 693 2392 hanc
715 2354 823 2411 precor,
844 2335 964 2413 optime,
978 2356 1029 2413 pro

246 2433 293 2473 me

165 2494 300 2573 deponas,
316 2495 467 2573 letumque
482 2495 557 2553 sinas
571 2516 623 2573 pro
638 2495 724 2554 laude
738 2495 869 2572 pacisci,
987 2556 989 2564 χ

166 2591 195 2634 et
210 2596 260 2634 nos
276 2576 343 2648 tela,
360 2590 448 2652 pater,
464 2575 630 2655 ferrumque
645 2576 724 2635 haud
737 2576 833 2635 debile
848 2576 947 2634 dextra
1005 2607 1030 2644 50

165 2657 319 2733 spargimus
332 2680 342 2724 3
363 2671 392 2714 et
408 2671 504 2714 nostro
520 2657 649 2734 sequitur
663 2657 700 2715 de
714 2658 835 2716 vulnere
851 2657 974 2732 sanguis.

165 2736 251 2812 longe
265 2737 309 2795 illi
324 2737 377 2794 dea
392 2751 483 2795 mater
498 2737 560 2807 erit,
577 2758 650 2814 quae
665 2739 743 2796 nube
758 2737 890 2812 fugacem

165 2817 292 2875 feminea
306 2832 393 2893 tegat,
410 2832 439 2876 et
452 2817 532 2876 vanis
548 2838 608 2876 sese
623 2819 738 2877 occulat
754 2815 880 2876 umbris?

206 2913 234 2955 at
248 2897 353 2974 regina,
370 2919 443 2956 nova
456 2917 570 2976 pugnae
586 2898 741 2956 conterrita
755 2913 838 2968 sorte,

165 2977 263 3049 flebat,
277 2993 306 3036 et
321 2978 469 3037 ardentem
483 2999 621 3054 generum
637 2979 775 3054 moritura
792 2978 930 3037 tenebat:

145 3059 279 3129 ‘Turne,
293 3078 343 3135 per
357 3060 407 3116 has
423 3079 475 3134 ego
491 3074 519 3117 te
534 3059 674 3130 lacrimas,
690 3079 740 3136 per
756 3059 777 3116 si
792 3059 855 3137 quis
870 3060 991 3117 Amatae

165 3138 257 3214 tangit
271 3140 363 3196 honos
378 3139 621 3217 animum-spes
637 3154 668 3197 tu
684 3159 763 3198 nunc
779 3159 845 3210 una,
860 3154 993 3198 senectae

165 3233 197 3278 tu
211 3218 324 3296 requies
339 3219 459 3278 miserae
471 3245 480 3292 ;
501 3221 590 3278 decus
606 3219 817 3297 imperiumque
831 3220 929 3278 Latini

165 3313 194 3358 te
208 3317 295 3377 penes
308 3323 318 3367 ;
339 3299 369 3358 in
386 3315 414 3358 te
429 3300 523 3359 omnis
538 3301 640 3358 domus
654 3299 795 3360 inclinata
807 3299 994 3358 recumbit-

508 3407 537 3456 33
555 3393 646 3455 patiere.
