2558 4112
243 364 288 420 152
518 354 545 403 r.
562 352 705 402 vanarn
723 351 880 403 Mnnorus

284 483 341 542 iam
357 503 406 542 sua
419 484 426 543 l
450 503 502 542 nos
517 483 573 542 alia
589 503 624 542 er
638 482 702 541 aliis
717 482 749 540 in
764 483 823 541 fata
837 502 995 541 vocamur:

282 564 363 623 vobis
378 577 460 642 parta
475 563 565 642 quies,
581 565 697 622 nullum
712 563 797 622 maris
813 583 920 641 aequor
934 563 1083 636 arandum,

283 666 349 704 arva
364 663 461 724 neque
474 644 621 703 Ausoniae
636 664 750 722 semper
764 643 898 703 cedentia
913 658 990 702 retro

283 725 459 804 quaerenda.
502 725 625 801 effigiem
642 724 753 784 Xanthi
770 725 949 803 Troiamque
963 723 1077 797 videtis,

282 827 391 901 quam
385 821 496 865 vestrae
512 807 609 865 fecere
624 827 726 864 manus
741 805 919 877 melioribus,
935 820 1014 883 opto,

283 887 427 965 auspiciis,
443 901 473 946 et
486 907 567 980 quae
575 886 665 946 fuerit
679 887 774 945 minus
789 885 874 944 obvia
889 885 984 945 Grais.
1246 869 1247 942 l

283 989 305 1026 st
298 968 438 1047 quando
453 966 641 1044 Thybrim
614 967 769 1047 vicinaque
785 965 946 1059 Thybridis
961 987 1026 1024 arva
1114 994 1150 1033 ιω
1245 947 1247 1054 l

283 1049 392 1107 intraro
406 1049 544 1126 gentique
559 1068 640 1107 meae
655 1048 721 1106 data
736 1047 852 1106 moenia
867 1067 994 1119 cernam,
1245 1055 1247 1130 Ι

283 1145 419 1205 cognatas
434 1129 518 1188 urbes
532 1129 604 1188 olim
617 1130 799 1207 populosque
813 1128 1001 1206 propinquos,

283 1210 382 1287 Epiro,
398 1210 551 1288 Hesperia,
565 1210 668 1289 quibus
684 1210 763 1268 idem
776 1208 930 1268 Dardanus
946 1223 1044 1267 auctor

284 1305 371 1369 atque
386 1291 465 1349 idem
480 1311 568 1363 casus,
584 1311 672 1348 unam
688 1290 825 1349 faciemus
841 1304 993 1369 utramque

284 1371 406 1429 Troiam
421 1371 543 1442 animis;
564 1387 679 1430 maneat
696 1385 806 1430 nostros
822 1391 855 1428 ea
870 1389 938 1429 eura
953 1369 1093 1448 nepotes.¹

323 1452 513 1530 provehimur
526 1452 630 1530 pelago
644 1451 741 1510 vicina
757 1451 903 1511 Ceraunia
918 1451 1007 1522 iuxta,

284 1532 363 1591 unde
378 1532 434 1591 iter
448 1532 563 1591 Italiam
578 1553 734 1610 cursusque
749 1531 932 1591 brevissimus
948 1531 1043 1590 undis.

284 1614 326 1672 sol
341 1613 401 1672 ruit
414 1612 525 1672 interea
541 1628 571 1672 et
585 1629 698 1672 montes
714 1615 885 1673 umbrantur
898 1611 992 1691 opaci.

284 1693 440 1753 sternimur
454 1709 569 1773 optatae
584 1694 694 1769 gremio
711 1694 823 1753 telluris
839 1695 875 1752 ad
890 1693 996 1752 undam
1246 1765 1247 1770 ἵ

285 1775 378 1834 sortiti
394 1796 497 1848 remos,
511 1775 675 1854 passimque
690 1775 721 1833 in
737 1775 824 1833 litore
838 1775 915 1834 sicco
1116 1802 1152 1841 510

284 1876 403 1933 corpora
419 1877 570 1928 curamus;
591 1857 678 1915 fessos
695 1876 780 1934 sopor
793 1855 898 1932 inrigat
912 1869 998 1914 artus.

284 1936 411 1995 necdum
426 1937 527 1996 orbem
541 1937 671 1996 medium
687 1957 745 1995 nox
760 1936 837 1995 horis
853 1951 916 1995 acta
931 1936 1065 1995 subibat:

284 2017 363 2075 haud
376 2017 469 2092 segnis
484 2033 572 2076 strato
587 2017 678 2094 surgit
695 2017 847 2076 Palinurus
863 2032 893 2076 et
906 2037 1007 2076 omnes

284 2097 417 2174 explorat
430 2113 532 2156 ventos
547 2113 633 2177 atque
648 2097 763 2157 auribus
778 2107 841 2157 aera
856 2113 971 2176 captat;

284 2177 377 2237 sidera
392 2193 498 2237 cuncta
513 2194 596 2238 notat
611 2178 699 2238 tacito
714 2179 843 2238 labentia
857 2179 949 2250 caelo,

283 2259 440 2318 Arcturum
455 2259 624 2340 pluviasque
640 2259 758 2337 Hyadas
772 2259 961 2337 geminosque
976 2257 1113 2331 Triones,

284 2355 483 2420 armatumque
498 2362 566 2399 auro
581 2340 780 2418 circumspicit
795 2340 916 2399 Oriona.

283 2435 435 2498 postquam
450 2437 556 2480 cuncta
570 2422 652 2480 videt
666 2423 748 2480 caelo
763 2436 895 2480 constare
909 2439 1022 2492 sereno,

284 2500 333 2558 dat
348 2502 458 2560 clarum
474 2523 489 2560 e
503 2502 595 2580 puppi
611 2501 746 2578 signum:
768 2523 820 2560 nos
836 2517 927 2561 castra
941 2520 1091 2560 movemus

285 2596 516 2660 temptamusque
531 2583 608 2641 viam
625 2599 655 2641 et
668 2583 800 2642 velorum
814 2582 970 2660 pandimus
984 2582 1052 2640 alas.
1118 2609 1155 2647 520

283 2661 398 2741 iamque
412 2663 583 2723 rubescebat
599 2663 690 2722 stellis
706 2665 816 2722 Aurora
832 2663 946 2739 fugatis,

284 2762 352 2801 cum
366 2744 468 2820 procul
483 2744 619 2802 obscuros
635 2744 724 2803 colles
739 2744 940 2821 humilemque
954 2742 1087 2802 videmus

284 2822 411 2883 Italiam.
452 2824 569 2883 Italiam
584 2825 694 2902 primus
709 2825 874 2884 conclamat
887 2824 1024 2896 Achates,

284 2903 399 2962 Italiam
414 2905 492 2963 laeto
508 2905 578 2964 socii
595 2907 722 2964 clamore
737 2906 873 2964 salutant.

285 2995 348 3040 tum
362 3000 445 3061 pater
459 2985 601 3044 Anchises
617 3004 755 3062 magnum
769 3001 878 3044 cratera
893 3005 1000 3044 corona

284 3062 381 3122 induit
395 3065 578 3144 inplevitque
593 3087 673 3125 mero
688 3066 827 3145 divosque
841 3065 957 3125 vocavit

284 3158 362 3201 stans
378 3145 476 3203 celsa'
468 3166 498 3203 ιιι
514 3147 627 3225 puppi:

264 3222 313 3280 ‘di
329 3224 414 3282 maris
429 3240 458 3283 et
473 3240 564 3285 terrae
579 3243 844 3306 tempestatumque
858 3242 1010 3332 potentes,

286 3303 403 3362 ferte
375 3325 451 3363 vram
465 3321 555 3365 vento
571 3308 689 3366 facilem
705 3323 734 3366 et
749 3307 853 3386 spirate
868 3305 1010 3366 secundi!

405 3411 454 3462 499
471 3399 565 3447 fuerint.
601 3411 646 3464 503
667 3401 811 3462 Hesperiam
846 3411 892 3464 527
910 3400 992 3462 prima.
