2568 4138
429 345 595 392 nuunnos
613 345 676 393 ssa.
694 345 745 392 xu
996 346 1042 408 3⁶7

178 497 320 570 nusquam
334 476 408 535 acies
422 491 522 536 contra
537 475 668 570 Rutulas,
684 477 764 534 nulla
778 477 891 553 agmina
907 477 1023 536 Turni:

178 557 283 616 infelix
298 577 410 636 pugnae
425 555 561 616 iuvenem
575 558 607 616 in
622 557 787 616 certamine·
784 558 885 616 credit

179 639 366 710 exstinctum,
380 654 418 711 et,
434 638 529 697 subito
543 654 673 698 mentem
687 638 799 696 turbata
813 638 921 710 dolore,

178 739 207 778 se
222 740 334 778 causam
350 720 454 778 clamat
468 719 637 798 crimenque
651 735 796 798 caputque
810 720 961 790 malorum,
1008 738 1045 778 ιω

178 800 327 878 multaque
341 821 393 878 per
404 815 547 859 maestum
561 800 679 859 demens
695 801 778 859 effata
792 800 928 871 furorem,

177 900 339 959 purpureos
351 881 490 940 moritura
504 901 592 940 manu
605 881 743 940 discindit
757 880 887 951 amictus,

178 978 206 1020 et
221 961 329 1021 nodum
343 962 474 1022 informis
488 962 540 1020 leti
555 963 634 1021 trabe
649 962 739 1020 nectit
754 961 788 1019 ab
803 961 869 1020 alta.

179 1062 264 1120 quam
279 1043 392 1101 cladem
406 1042 525 1101 miserae
538 1059 689 1120 postquam
703 1059 840 1119 accepere
855 1041 984 1111 Latinae,

178 1123 235 1181 filia
250 1123 343 1201 prima
357 1143 445 1181 manu
460 1122 547 1180 flavos
561 1123 680 1181 Lavinia
694 1123 787 1180 crines

179 1220 207 1262 et
221 1224 312 1262 roseas
327 1204 432 1262 laniata
446 1223 540 1280 genas,
556 1218 621 1262 tum
635 1220 729 1262 cetera
744 1203 854 1262 circum

179 1284 261 1343 turba
276 1284 365 1352 furit3
386 1300 521 1343 resonant
535 1285 591 1342 late
605 1283 789 1361 plangoribus
803 1283 894 1342 aedes.

177 1365 246 1424 hinc
262 1379 352 1424 totam
367 1365 471 1424 infelix
484 1365 616 1440 vulgatur
631 1365 705 1422 fama
718 1385 771 1442 per
785 1364 895 1423 urbem.

177 1445 336 1505 demittunt
350 1461 481 1514 mentes;
501 1446 525 1504 it
539 1445 622 1504 scissa
635 1461 713 1504 veste
728 1443 859 1514 latinus,

177 1527 307 1620 coniugis
322 1527 461 1586 attonitus
475 1527 539 1585 fatis
555 1527 689 1604 urbisque
704 1525 797 1598 ruina,
1008 1543 1046 1582 ⁶10

177 1607 314 1666 canitiem
329 1607 472 1666 inmundo
486 1608 630 1686 perfusam
645 1608 764 1685 pulvere
777 1621 895 1684 turpans

177 1687 339 1767 [multaque
354 1709 382 1748 se
397 1688 518 1761 incusat,
534 1689 584 1767 qui
599 1708 659 1746 non
674 1687 818 1765 acceperit
832 1703 899 1745 ante

177 1768 355 1827 Dardanium
370 1771 501 1839 Aenean,
517 1788 713 1844 generumque
728 1767 878 1825 adsciverit
893 1765 991 1843 ultro].

219 1849 326 1906 interea
341 1864 472 1906 extremo
487 1847 629 1905 bellator
621 1868 652 1903 ιιι
668 1866 790 1922 aequore
806 1845 925 1903 Turnus

178 1927 306 2019 palantes
320 1928 449 2004 sequitur
462 1945 569 2004 paucos
584 1926 641 1983 iam
657 1925 780 2000 segnior,
794 1941 879 2003 atque

179 2006 235 2063 iam
250 2007 345 2064 minus
359 2021 446 2085 atque
460 2006 557 2065 minus
571 2025 703 2065 successu
719 2006 809 2064 laetus
825 2025 974 2084 equorum.

179 2086 277 2144 attulit
290 2088 368 2145 hunc
384 2087 427 2145 illi
443 2086 534 2145 caecis
549 2085 702 2144 tertoribus
716 2107 782 2144 aura

179 2166 371 2226 commixtum
385 2168 552 2237 clamorem,
565 2182 744 2243 arrectasque
759 2167 869 2244 inpulit
882 2187 963 2225 aures

179 2247 314 2306 confusae
328 2267 413 2306 sonus
428 2247 507 2305 urbis
520 2263 550 2305 et
565 2247 731 2306 inlaetabile
746 2267 885 2306 murmur.

159 2326 226 2385 ‘hei
242 2328 324 2400 mihi,
340 2328 411 2406 qaid
426 2343 506 2387 tanto
521 2328 674 2386 turbantur
690 2327 803 2386 moenia
818 2328 919 2386 luctu?
1007 2346 1045 2386 ιω

178 2408 276 2486 quisve
290 2409 348 2467 ruit
363 2424 458 2468 tantus
472 2409 580 2468 diversa
595 2409 702 2468 clamor
716 2408 752 2466 ab
768 2407 870 2467 urbei'

178 2489 218 2548 sic
232 2488 282 2562 ait,
297 2489 485 2568 adductisque
498 2509 597 2548 amens
613 2489 739 2548 subsistit
753 2487 880 2548 habenis.

177 2586 264 2648 atque
277 2571 358 2642 huic,
372 2571 404 2628 in
419 2569 523 2630 faciem
538 2591 616 2629 soror
631 2586 663 2628 ut
677 2591 811 2630 conversa
827 2569 946 2628 Metisci

178 2651 290 2726 aurigae
305 2671 480 2730 currumque
494 2667 524 2710 et
538 2672 626 2729 equos
641 2667 671 2710 et
685 2653 745 2710 lora
759 2651 883 2728 regebat,

179 2731 282 2790 talibus
295 2733 420 2792 occurrit
434 2731 537 2791 dictis:
561 2734 642 2825 ‘ban
659 2733 772 2804 Turne,
786 2751 938 2810 sequamur

180 2810 369 2887 Troiugenas,
383 2834 439 2891 qua
453 2813 547 2890 prima
560 2812 635 2871 viam
649 2813 768 2872 victoria
782 2812 902 2905 pandit3

179 2906 246 2949 sunt
259 2892 317 2964 alii,
332 2894 382 2971 qui
396 2909 472 2952 tecta
486 2913 574 2952 manu
589 2894 747 2953 defendere
761 2893 879 2971 possint.

179 2970 288 3048 ingruit
301 2973 413 3033 Aeneas
428 2974 508 3032 Italis
523 2989 552 3034 et
566 2974 674 3053 proelis
689 2974 809 3042 miscet3

180 3066 209 3109 et
223 3071 275 3110 nos
289 3073 367 3113 saeva
381 3075 468 3114 manu
484 3055 630 3114 mittamus
644 3055 745 3114 funera
760 3054 893 3113 Teucris.

179 3152 233 3191 nec
248 3153 368 3193 numero
381 3135 508 3208 inferior,
523 3156 637 3213 pugnae
651 3156 706 3195 nee
720 3137 830 3194 honore
843 3135 976 3194 recedes!
1005 3153 1044 3203 630

179 3213 299 3272 Turnus
312 3214 348 3272 sd
362 3216 450 3276 baec:

158 3299 196 3353 ‘o
210 3315 295 3368 soror,
310 3309 340 3354 et
354 3295 463 3356 dudum
477 3297 610 3374 adgnovi,
624 3317 692 3356 cum
706 3297 798 3375 prima
811 3318 863 3376 per
876 3313 968 3356 artem

420 3389 466 3455 605
485 3391 562 3441 tiores.
630 3391 677 3452 607
694 3394 760 3440 latae.
