2556 4116
363 1250 393 1303 P.
411 1249 567 1303 vnnornr
586 1250 760 1304 Manonrs

298 1394 329 1470 B
367 1393 407 1470 U
444 1394 478 1471 C
517 1392 555 1472 Ο
594 1393 628 1472 L
661 1393 680 1473 I
717 1396 751 1473 C
787 1395 826 1474 A

460 1645 632 1705 ECLOGA
653 1648 669 1704 Ι

488 1809 641 1857 TITYRUS

412 1952 563 2000 Manem.
597 1953 716 2000 maran.

193 2070 237 2128 M.
260 2068 388 2140 Tmrns,
403 2083 434 2127 tu
448 2068 565 2145 patulae
580 2069 721 2130 recubans
736 2069 788 2128 sub
804 2068 932 2145 tegmine
946 2069 1003 2144 fagi

151 2149 309 2209 silvestrem
325 2149 405 2209 tenui
422 2150 540 2208 Musam
555 2149 699 2208 meditaris
711 2170 827 2219 avena3
890 2147 895 2153 ’
927 2182 929 2186 ⁴

151 2251 202 2288 nos
216 2230 325 2307 patriae
340 2231 410 2288 fines
426 2245 455 2288 et
469 2230 566 2289 dulcia
581 2229 740 2307 linquimus
756 2226 842 2290 aria:
919 2274 923 2282 -

153 2332 203 2369 nos
218 2311 337 2388 patriam
352 2311 501 2386 fugimus3
523 2327 564 2382 tu,
581 2310 695 2386 Tityre,
711 2305 853 2370 lentiis'in
868 2312 970 2370 umbra

152 2393 304 2450 formosam
318 2412 449 2450 resonare
464 2393 547 2450 doces
562 2391 741 2467 Amaryllida
757 2391 849 2450 silvas.
900 2415 903 2423 ·

197 2473 229 2531 T.
252 2495 269 2530 o
285 2473 443 2541 Meliboee,
460 2473 528 2530 deus
544 2470 625 2530 nobis
641 2472 713 2529 haec
728 2471 786 2530 otia
800 2471 891 2531 fecit.·

152 2574 277 2632 namque
292 2553 345 2612 erit
359 2553 410 2611 ille
426 2553 498 2611 mihi
513 2573 625 2631 semper
639 2553 730 2624 deua;
749 2549 830 2610 'illius
845 2567 923 2611 aram

153 2655 234 2711 saepe
250 2650 330 2693 tener
344 2633 446 2692 nostris
462 2635 497 2692 ab
512 2634 635 2692 ovilibus
650 2634 753 2692 inbuet
768 2653 867 2710 agnus.

153 2715 203 2772 ille
218 2736 294 2773 meas
310 2736 401 2774 errare
416 2715 511 2786 boves,
528 2731 559 2774 ut
574 2715 677 2800 cernis,
693 2731 722 2774 et
737 2714 831 2792 ipsum

153 2795 250 2854 ludere
266 2817 339 2874 quae
354 2796 462 2856 vellem
478 2796 588 2856 calamo
602 2796 733 2874 permisit
748 2795 859 2871 agresti.
901 2861 908 2876 ·
997 2825 1021 2854 ιο

195 2877 241 2934 Μ.
252 2898 310 2935 non
321 2867 456 2956 eqiridem
465 2877 589 2949 invideo,
596 2877 683 2935 miror
693 2876 782 2952 magis
797 2899 804 2935 :
816 2875 944 2955 undique
953 2876 1020 2935 totis

154 2977 242 3034 usque
256 2957 326 3016 adeo
340 2959 472 3016 turbatur
486 2957 566 3033 agris.
608 2979 645 3016 en
660 2959 721 3036 ipse
737 2957 862 3035 capellas

152 3039 281 3115 protinus
296 3059 379 3114 aeger
394 3061 466 3115 ago:
487 3041 562 3097 hanc
578 3039 665 3097 etiam
681 3037 739 3110 virt,
755 3037 870 3116 Tityre,
885 3039 969 3097 duco.

152 3119 200 3176 hic
215 3119 290 3179 inter
305 3121 405 3179 densas
420 3121 529 3198 corylos
544 3120 629 3179 modo
644 3140 769 3198 namque
785 3120 933 3198 gemellos,

153 3220 232 3276 spem
249 3203 350 3277 gregis,
365 3224 389 3274 a,
406 3201 487 3260 silice
502 3202 533 3259 in
548 3201 625 3260 nuda
639 3201 743 3261 conixa
759 3201 887 3280 reliquit.
938 3202 941 3210 ἢ

153 3302 235 3359 saepe
251 3284 361 3342 malum
375 3285 430 3342 hoc
446 3283 538 3353 nobis,
552 3281 575 3340 si
589 3303 670 3342 mens
686 3304 745 3342 non
760 3284 840 3343 laeva
856 3282 964 3352 fuisset,

479 3421 508 3456 12
526 3405 666 3472 turbamur.¹
