2558 4112
245 385 294 432 170,
516 363 544 412 P.
561 361 705 412 VERGILI
722 359 882 410 Mauortis

283 496 327 554 his
342 493 472 553 medium
487 493 570 552 dictis
585 513 747 551 sermonem
762 492 916 570 abrumpit,
933 508 962 551 et
976 513 1057 552 auras

284 597 367 652 aegra
382 575 466 651 fugit,
482 594 570 653 seque
586 594 622 632 ex
636 573 727 633 oculis
741 573 844 632 avertit
859 588 889 632 et
903 573 1006 646 aufert,
1115 592 1152 644 ³89

286 657 423 735 linquens
438 655 531 714 multa
546 670 627 713 metu
643 669 832 714 cunctantem
848 668 877 712 et
887 654 979 713 multa
993 670 1146 732 parantem

284 737 391 796 dicere.
433 735 598 814 succipiunt
612 735 749 808 famulae,
765 735 949 814 collapsaque
964 736 1092 794 membra

284 838 444 878 marmoreo
457 817 589 875 referunt
603 816 731 874 thalamo
747 815 899 894 stratisque
913 831 1071 894 reponunt.

325 914 354 957 at
368 899 432 976 pius
446 899 570 970 Aeneas,
585 917 761 976 quamquam
769 896 868 979 alenire
882 896 1034 956 dolentem

284 979 406 1038 solando
420 978 501 1057 cupit
517 993 546 1036 et
561 977 645 1036 dictis
660 994 790 1037 avertere
805 998 895 1051 curas,

285 1061 376 1120 multa
391 1079 519 1136 gemens,
534 1079 697 1138 magnoque
711 1058 842 1118 animum
857 1057 1017 1118 labefactus
1031 1077 1137 1130 amore,

285 1143 357 1200 iussa
373 1157 471 1200 tamen
486 1140 585 1199 divom
601 1139 775 1219 exsequitur,
791 1139 968 1217 classemque
982 1138 1090 1198 revisit.

287 1238 349 1281 tum
363 1243 433 1280 vero
448 1221 558 1280 Teucri
573 1221 758 1292 incumbunt,
774 1235 804 1279 et
818 1219 905 1278 litore
919 1219 1008 1278 celsas

286 1304 437 1362 deducunt
452 1317 514 1361 toto
529 1322 627 1361 naves.
668 1316 749 1360 natat
763 1316 853 1360 uncta
868 1299 963 1359 carina
977 1324 986 1370 ;

285 1384 513 1461 frondentesque
527 1383 627 1441 ferunt
641 1403 734 1441 remos
749 1398 778 1440 et
792 1382 894 1441 robora
908 1379 987 1439 silvis

286 1463 466 1534 infabricata,
482 1463 568 1538 fugae
583 1462 688 1522 studio.
1000 1529 1003 1534 Ι
1115 1490 1153 1528 400

286 1544 441 1621 migrantes
457 1564 565 1615 cernas,
578 1559 696 1622 totaque
712 1564 748 1602 ex
763 1543 833 1602 urbe
848 1556 964 1602 ruentes
973 1568 983 1614 ς

286 1647 319 1685 ac
334 1625 416 1684 velut
430 1623 580 1700 ingentem
595 1624 735 1683 formicae
750 1624 831 1683 farris
846 1641 981 1683 acervum

287 1726 354 1766 cum
368 1705 520 1784 populant,
536 1705 640 1764 hiemis
656 1724 807 1778 memores,
823 1715 964 1783 tectoque¹
974 1716 1144 1780 reponunt;

286 1787 310 1846 it
325 1786 440 1864 nigrum
454 1786 563 1864 campis
577 1807 691 1862 agmen,
705 1786 901 1864 praedamque
914 1805 966 1862 per
980 1784 1083 1842 herbas

287 1882 464 1927 convectant
478 1868 553 1926 c'alle
568 1878 688 1944 angusto
702 1892 711 1938 3
731 1887 797 1944 pars
810 1865 929 1942 grandia
944 1865 1065 1924 trudunt

287 1950 412 2008 obnixae
427 1949 573 2007 frumenta
588 1947 717 2018 umeris3
738 1947 930 2025 parsagmina
945 1960 1053 2036 cogunt

287 2030 486 2107 castigantque
501 2048 616 2099 moras;
637 2049 724 2106 opere
740 2027 834 2088 omnis
849 2026 950 2106 seinjta
964 2023 1066 2086 feivet.

287 2111 350 2190 quis
366 2109 418 2168 tibi
434 2124 505 2182 tum,
521 2109 609 2180 Dido,
626 2108 759 2168 cernenti
775 2108 844 2167 talia
859 2127 973 2180 sensus,

287 2211 395 2270 quosve
410 2190 496 2248 dabas
510 2190 642 2266 gemitus,
658 2210 725 2248 cum
741 2189 825 2247 litora
840 2189 951 2248 fer'vere
966 2187 1025 2246 late

287 2271 464 2350 prospiceres
479 2291 543 2329 arce
559 2291 594 2330 ex
609 2290 729 2342 summa,
746 2285 898 2348 totumque
912 2268 1026 2327 videres
1116 2295 1155 2334 410

287 2351 401 2412 misceri
416 2368 485 2411 ante
499 2352 599 2410 oculos
615 2351 701 2410 tantis
717 2350 890 2409 clamoribus
905 2353 1034 2428 aequor?

287 2433 410 2512 inprobe
426 2453 513 2505 amor,
529 2433 674 2511 quidnon
690 2431 823 2489 mortalia
837 2445 956 2510 pectora
971 2428 1070 2507 cogis?

288 2515 329 2573 ire
344 2514 449 2572 iterum
464 2514 494 2571 in
509 2513 649 2584 lacrimas,
665 2511 772 2570 iterum
787 2527 930 2590 temptare
943 2510 1092 2588 precando

288 2595 408 2670 cogitur,
424 2610 454 2652 et
468 2593 589 2671 supplex
605 2592 716 2652 animos
730 2592 901 2652 submittere
915 2591 1015 2664 amori,

288 2697 326 2734 ne
341 2674 411 2754 quid
426 2674 612 2752 inexpertum
627 2674 730 2732 frustra
745 2673 883 2732 moritura
897 2671 1054 2751 relinquat.

330 2758 442 2827 ‘Anna,
457 2753 537 2814 vides
553 2770 614 2813 toto
628 2754 774 2833 properari
789 2754 896 2812 litore:
918 2753 1028 2812 circum

289 2835 418 2916 undique
434 2856 617 2910 convenere;
638 2850 723 2894 vocat
737 2833 795 2893 iam
810 2835 941 2894 carbasus
955 2853 1046 2906 auras,

272 2917 432 2994 ,puppibus
448 2932 478 2976 et
492 2917 561 2976 laeti
577 2933 682 2976 nautae
697 2917 852 2994 inposuere
867 2934 996 2974 coronas.

288 2998 367 3055 hunc
384 3017 436 3074 ego
450 2997 472 3056 si
487 2996 570 3076 potui
586 3012 699 3056 tantum
714 3017 827 3074 sperare
841 2996 982 3068 dolorem,
1119 3019 1157 3060 419

290 3092 319 3134 et
333 3079 470 3154 perferre,
486 3100 572 3151 soror,
587 3094 698 3156 potero.
739 3077 859 3138 miserae
873 3078 930 3136 hoc
945 3090 1044 3135 tamen
1060 3091 1151 3132 unum

290 3177 455 3236 exsequere,
470 3159 567 3232 Anna,
582 3159 673 3230 mihi,
694 3158 784 3216 solam
800 3177 869 3215 nam
882 3156 1009 3235 perfidus
1024 3155 1076 3214 ille

290 3253 319 3296 te
334 3237 440 3310 colere,
456 3259 573 3298 arcanos
589 3240 677 3298 etiam
692 3238 745 3297 tibi
761 3238 879 3298 credere
894 3257 1011 3306 sensus3

289 3318 349 3376 sola
363 3317 417 3376 viri
432 3318 537 3378 molles
550 3319 644 3379 aditus
660 3334 689 3377 et
705 3334 834 3396 tempora
849 3339 943 3378 noras.

629 3425 675 3474 399
692 3427 777 3460 ramos.
