2558 4112
252 327 296 374 128
526 323 553 372 P.
571 319 715 370 VERGILI
732 322 890 374 MARONIS

293 475 309 512 a
323 467 413 530 tergo,
426 451 529 510 infelix
544 472 651 530 quase,
666 451 734 510 dum
748 472 835 529 regna
849 453 1012 525 manebant,

293 533 401 613 saepius
415 533 618 592 Andromache
633 531 706 591 ferre
721 533 889 592 incomitata
903 535 1009 594 solebat

292 615 328 674 ad
341 634 462 685 soceros,
477 629 506 672 et
520 634 572 672 avo
585 633 707 692 puerum
721 615 895 692 Astyanacta
909 617 1046 677 trahebat.

292 696 380 755 evado
395 696 430 754 ad
444 693 549 753 summi
564 694 673 769 fastigia
687 694 833 766 culminis,
848 696 926 755 unde

292 777 349 836 tela
363 796 450 835 manu
465 775 549 834 miser
573 775 718 835 iactabant
732 774 819 834 inrita
832 776 953 836 Teucri.

293 857 392 916 turrim
407 857 438 915 in
453 855 602 934 praecipiti
617 872 740 915 stantem
755 857 929 936 summisque
945 859 997 916 sub
1012 875 1083 919 astra
1121 879 1159 930 460

292 938 425 997 eductam
441 937 534 1008 tectis,
548 936 629 1000 unde.
640 937 734 996 omnis
749 937 839 996 Troia
853 937 943 998 videri

291 1035 319 1078 et
333 1020 468 1078 Danaum
483 1018 581 1076 solitae
595 1037 680 1076 naves
695 1034 724 1077 et
738 1017 867 1077 Achaica
881 1035 978 1092 castra,

291 1099 411 1193 adgressi
426 1099 500 1158 ferro
515 1099 635 1170 circum,
650 1121 706 1177 qua
720 1119 830 1158 summa
844 1099 970 1159 labantes

290 1181 437 1239 iuncturas
452 1180 577 1239 tabulata
590 1179 706 1251 dabant,
721 1180 913 1240 convellimus
927 1180 991 1240 altis

290 1261 411 1332 sedibus,
427 1261 662 1340 inpulimusque:
685 1282 718 1319 ea
733 1261 809 1339 lapsa
822 1277 940 1341 repente
955 1261 1067 1321 ruinam

290 1361 358 1400 cum
373 1341 468 1400 sonitu
484 1341 579 1412 trahit,
594 1357 623 1400 et
637 1341 772 1402 Danaum
787 1362 870 1420 super
884 1343 997 1423 agmina
1012 1344 1067 1402 late

289 1421 401 1481 incidit.
443 1438 484 1480 ast
498 1422 546 1481 alii
561 1420 707 1492 subeunt余
728 1443 782 1481 nec
798 1443 873 1494 saxa,
888 1443 942 1482 nec
957 1423 1050 1482 ullum

289 1502 435 1562 telorum
427 1518 536 1560 interea
550 1519 639 1561 cessat
653 1521 752 1578 genus.

289 1583 462 1642 vestibulum
475 1599 542 1642 ante
558 1583 651 1662 ipsum
664 1582 815 1663 primoque
831 1584 861 1643 in
876 1584 977 1644 limine
993 1585 1116 1662 Pyrrhus

289 1664 412 1723 exsultat
427 1664 490 1723 telis
505 1679 534 1722 et
548 1665 614 1723 luce
630 1684 762 1724 coruscus
776 1673 863 1724 aena:
1120 1697 1158 1735 470

289 1745 379 1822 qualis
394 1744 442 1803 ubi
457 1745 488 1803 in
503 1746 600 1804 lucem
615 1745 733 1804 coluber
747 1747 821 1805 mala
836 1745 962 1823 gramina
975 1761 1080 1824 pastus,

289 1825 390 1900 frigida
404 1827 544 1885 subterra
558 1826 703 1885 tumidum
718 1847 804 1905 quem
820 1825 920 1886 bruma
934 1825 1058 1903 tegebat,

288 1926 368 1965 nunc
383 1907 480 1985 positis
495 1927 584 1966 novus
600 1907 710 1966 exuviis
724 1907 889 1987 nitidusque
904 1906 1030 1978 iuventa,

289 1987 399 2045 lubrica
414 1987 563 2047 convolvit
577 1988 688 2046 sublato
703 2004 817 2066 pectore
832 2005 911 2065 terga

288 2067 391 2126 arduus
405 2067 441 2125 ad
455 2069 554 2139 solem,
569 2084 598 2126 et
612 2068 716 2144 linguis
731 2069 819 2128 micat
833 2090 881 2128 ore
896 2069 1028 2128 trisulcis.
1141 2141 1143 2150 y

288 2168 346 2206 una
359 2147 460 2224 ingens
476 2149 610 2228 Periphas
624 2165 654 2209 et
668 2171 808 2228 equorum
823 2149 941 2227 agitator
955 2149 1081 2208 Achillis

288 2229 409 2306 armiger
422 2231 616 2300 Automedon,
631 2251 688 2290 nna
702 2231 795 2290 omnis
812 2231 911 2308 Scyria
923 2231 1014 2308 pubes

287 2311 446 2369 succedunt
461 2327 549 2382 tecto,
563 2327 592 2371 et
606 2310 733 2371 flammas
747 2312 782 2370 ad
796 2311 925 2370 culmina
938 2311 1055 2372 iactant.

287 2391 346 2470 ipse
362 2391 437 2451 inter
450 2392 557 2485 primos
571 2409 701 2470 correpta
715 2393 784 2451 dura
800 2392 919 2470 bipenni

286 2473 388 2532 limina
400 2473 570 2552 perrumpit,
585 2489 735 2552 postesque
750 2495 766 2532 a
780 2473 896 2532 cardine
910 2473 992 2531 vellit
1117 2489 1155 2541 480

287 2570 415 2624 aeratos余
435 2553 549 2631 iamque
564 2553 658 2612 excisa
672 2553 751 2614 trabe
766 2553 846 2612 firma
860 2553 971 2612 cavavit

270 2632 393 2703 -robora,
409 2650 438 2693 et
452 2633 601 2710 ingentem
616 2636 673 2692 lato
687 2634 766 2694 dedit
781 2655 829 2693 ore
843 2633 1006 2693 fenestram.

285 2730 402 2792 apparet
415 2714 538 2773 domus
530 2730 616 2784 ratus,
633 2730 661 2774 et
676 2716 745 2775 atria
759 2717 844 2792 longa
856 2729 1007 2794 patescunt
1020 2739 1029 2785 余

285 2811 423 2872 apparent
438 2795 543 2853 Priami
558 2811 587 2854 et
602 2811 730 2855 veterum
745 2797 901 2874 penetralia
913 2815 1024 2871 regum,

285 2891 461 2955 armatosque
476 2875 576 2935 vident
590 2892 695 2934 stantes
709 2877 740 2935 in
756 2877 856 2935 limine
870 2876 972 2955 primo.

326 2972 355 3014 at
368 2956 492 3016 domus
484 2957 603 3016 rnterior
617 2957 725 3034 gemitu
741 2957 900 3035 miseroque
914 2956 1043 3016 tumultu

285 3035 443 3108 miscetur3
463 3039 637 3116 penitusque
652 3059 736 3099 cavae
751 3037 936 3117 plangoribus
951 3037 1034 3095 aedes

284 3115 418 3175 femineis
433 3081 567 3190 itlulant3
589 3119 655 3178 ferit
670 3139 752 3178 aurea
766 3119 857 3177 sidera
871 3118 988 3176 clamor.

285 3211 347 3255 tum
362 3198 481 3274 pavidae
496 3201 580 3259 tectis
594 3215 697 3258 matres
712 3198 875 3275 ingentibus
891 3215 996 3269 errant,

284 3279 492 3356 amplexaeque
506 3296 607 3339 tenent
621 3295 724 3358 postes,
739 3295 823 3359 atque
838 3280 935 3338 oscula
949 3279 1052 3355 figunt.
1118 3305 1156 3345 490

1266 3283 1267 3330 l

283 3357 369 3416 instat
383 3358 410 3416 vi
425 3359 515 3437 patria
530 3361 676 3438 Pyrrhus余
697 3381 752 3418 nec
768 3361 899 3430 claustra,
914 3379 1008 3439 neque
1024 3358 1078 3434 ipsi
