<?xml version="1.0" encoding="UTF-8"?>
<!DOCTYPE html PUBLIC "-//W3C//DTD XHTML 1.0 Transitional//EN"
    "http://www.w3.org/TR/xhtml1/DTD/xhtml1-transitional.dtd">
<html xmlns="http://www.w3.org/1999/xhtml" xml:lang="en" lang="en">
 <head>
  <title>
</title>
<meta http-equiv="Content-Type" content="text/html;charset=utf-8" />
  <meta name='ocr-system' content='tesseract 3.04.00' />
  <meta name='ocr-capabilities' content='ocr_page ocr_carea ocr_par ocr_line ocrx_word'/>
</head>
<body>
  <div class='ocr_page' id='page_1' title='image "./bucolicageorgic05virggoog/bucolicageorgic05virggoog_0264.png"; bbox 0 0 2568 4114; ppageno 0'>
   <div class='ocr_carea' id='block_1_1' title="bbox 414 299 1028 364">
    <p class='ocr_par' dir='ltr' id='par_1_1' title="bbox 414 299 1028 364">
     <span class='ocr_line' id='line_1_1' title="bbox 414 299 1028 364; baseline 0.002 -16"><span class='ocrx_word' id='word_1_1' title='bbox 414 299 582 348; x_wconf 86' lang='lat' dir='ltr'>AENEIDOS</span> <span class='ocrx_word' id='word_1_2' title='bbox 599 300 663 348; x_wconf 87' lang='lat' dir='ltr'><strong>LIB.</strong></span> <span class='ocrx_word' id='word_1_3' title='bbox 680 301 731 349; x_wconf 87' lang='lat' dir='ltr'>VII</span> <span class='ocrx_word' id='word_1_4' title='bbox 979 315 1028 364; x_wconf 84' lang='lat'>239</span> 
     </span>
    </p>
   </div>
   <div class='ocr_carea' id='block_1_2' title="bbox 80 429 1034 3416">
    <p class='ocr_par' dir='ltr' id='par_1_2' title="bbox 161 429 928 509">
     <span class='ocr_line' id='line_1_2' title="bbox 161 429 928 509; baseline 0.004 -22"><span class='ocrx_word' id='word_1_5' title='bbox 161 430 280 489; x_wconf 86' lang='lat' dir='ltr'>flectere</span> <span class='ocrx_word' id='word_1_6' title='bbox 295 429 317 487; x_wconf 89' lang='lat' dir='ltr'>si</span> <span class='ocrx_word' id='word_1_7' title='bbox 334 449 448 509; x_wconf 86' lang='lat' dir='ltr'>nequeo</span> <span class='ocrx_word' id='word_1_8' title='bbox 464 431 596 507; x_wconf 86' lang='lat' dir='ltr'>Superos,</span> <span class='ocrx_word' id='word_1_9' title='bbox 612 431 779 490; x_wconf 85' lang='lat' dir='ltr'>Acheronta</span> <span class='ocrx_word' id='word_1_10' title='bbox 794 431 928 490; x_wconf 89' lang='lat' dir='ltr'><strong>movebo.</strong></span> 
     </span>
    </p>

    <p class='ocr_par' dir='ltr' id='par_1_3' title="bbox 162 509 864 588">
     <span class='ocr_line' id='line_1_3' title="bbox 162 509 864 588; baseline 0.003 -20"><span class='ocrx_word' id='word_1_11' title='bbox 162 531 222 569; x_wconf 93' lang='lat' dir='ltr'>non</span> <span class='ocrx_word' id='word_1_12' title='bbox 237 510 352 569; x_wconf 91' lang='lat' dir='ltr'>dabitur</span> <span class='ocrx_word' id='word_1_13' title='bbox 366 509 469 587; x_wconf 86' lang='lat' dir='ltr'>regnis,</span> <span class='ocrx_word' id='word_1_14' title='bbox 486 527 556 582; x_wconf 91' lang='lat' dir='ltr'>esto,</span> <span class='ocrx_word' id='word_1_15' title='bbox 571 511 726 588; x_wconf 86' lang='lat' dir='ltr'>prohibere</span> <span class='ocrx_word' id='word_1_16' title='bbox 741 511 864 584; x_wconf 90' lang='lat' dir='ltr'>Latinis,</span> 
     </span>
    </p>

    <p class='ocr_par' dir='ltr' id='par_1_4' title="bbox 163 590 877 670">
     <span class='ocr_line' id='line_1_4' title="bbox 163 590 877 670; baseline 0.004 -21"><span class='ocrx_word' id='word_1_17' title='bbox 163 608 249 670; x_wconf 85' lang='lat' dir='ltr'>atque</span> <span class='ocrx_word' id='word_1_18' title='bbox 264 590 376 649; x_wconf 91' lang='lat' dir='ltr'>inmota</span> <span class='ocrx_word' id='word_1_19' title='bbox 391 607 491 650; x_wconf 87' lang='lat' dir='ltr'>manet</span> <span class='ocrx_word' id='word_1_20' title='bbox 506 591 572 650; x_wconf 89' lang='lat' dir='ltr'>fatis</span> <span class='ocrx_word' id='word_1_21' title='bbox 588 592 710 650; x_wconf 91' lang='lat' dir='ltr'>Lavinia</span> <span class='ocrx_word' id='word_1_22' title='bbox 726 593 855 651; x_wconf 84' lang='lat' dir='ltr'>coniunx</span> <span class='ocrx_word' id='word_1_23' title='bbox 870 615 877 652; x_wconf 73' lang='grc' dir='ltr'><strong>ε</strong></span> 
     </span>
    </p>

    <p class='ocr_par' dir='ltr' id='par_1_5' title="bbox 162 673 966 750">
     <span class='ocr_line' id='line_1_5' title="bbox 162 673 966 750; baseline 0.005 -20"><span class='ocrx_word' id='word_1_24' title='bbox 162 688 192 730; x_wconf 92' lang='lat' dir='ltr'>at</span> <span class='ocrx_word' id='word_1_25' title='bbox 207 673 330 744; x_wconf 82' lang='lat' dir='ltr'>trahere,</span> <span class='ocrx_word' id='word_1_26' title='bbox 345 687 432 750; x_wconf 88' lang='lat' dir='ltr'>atque</span> <span class='ocrx_word' id='word_1_27' title='bbox 447 692 539 730; x_wconf 88' lang='lat' dir='ltr'>moras</span> <span class='ocrx_word' id='word_1_28' title='bbox 555 673 642 731; x_wconf 88' lang='lat' dir='ltr'>tantis</span> <span class='ocrx_word' id='word_1_29' title='bbox 658 673 729 732; x_wconf 92' lang='lat' dir='ltr'>licet</span> <span class='ocrx_word' id='word_1_30' title='bbox 743 673 849 731; x_wconf 85' lang='lat' dir='ltr'>addere</span> <span class='ocrx_word' id='word_1_31' title='bbox 863 673 966 734; x_wconf 86' lang='lat' dir='ltr'>rebus:</span> 
     </span>
    </p>

    <p class='ocr_par' dir='ltr' id='par_1_6' title="bbox 163 752 887 832">
     <span class='ocr_line' id='line_1_6' title="bbox 163 752 887 832; baseline 0.004 -22"><span class='ocrx_word' id='word_1_32' title='bbox 163 769 192 811; x_wconf 85' lang='lat' dir='ltr'>at</span> <span class='ocrx_word' id='word_1_33' title='bbox 207 752 277 811; x_wconf 91' lang='lat' dir='ltr'>licet</span> <span class='ocrx_word' id='word_1_34' title='bbox 292 752 442 812; x_wconf 87' lang='lat' dir='ltr'>amborum</span> <span class='ocrx_word' id='word_1_35' title='bbox 456 754 579 832; x_wconf 87' lang='lat' dir='ltr'>populos</span> <span class='ocrx_word' id='word_1_36' title='bbox 595 754 763 813; x_wconf 82' lang='lat' dir='ltr'>exscindere</span> <span class='ocrx_word' id='word_1_37' title='bbox 777 774 887 829; x_wconf 84' lang='lat' dir='ltr'>regum.</span> 
     </span>
    </p>

    <p class='ocr_par' dir='ltr' id='par_1_7' title="bbox 161 836 927 912">
     <span class='ocr_line' id='line_1_7' title="bbox 161 836 927 912; baseline 0.004 -20"><span class='ocrx_word' id='word_1_38' title='bbox 161 836 216 892; x_wconf 92' lang='lat' dir='ltr'>hac</span> <span class='ocrx_word' id='word_1_39' title='bbox 232 850 422 912; x_wconf 80' lang='lat' dir='ltr'>generatque</span> <span class='ocrx_word' id='word_1_40' title='bbox 437 855 518 893; x_wconf 90' lang='lat' dir='ltr'>socer</span> <span class='ocrx_word' id='word_1_41' title='bbox 533 844 637 894; x_wconf 80' lang='lat' dir='ltr'>coe&#39;ant</span> <span class='ocrx_word' id='word_1_42' title='bbox 651 836 786 894; x_wconf 86' lang='lat' dir='ltr'>mercede</span> <span class='ocrx_word' id='word_1_43' title='bbox 800 855 927 895; x_wconf 86' lang='lat' dir='ltr'>suorum.</span> 
     </span>
    </p>

    <p class='ocr_par' dir='ltr' id='par_1_8' title="bbox 162 913 888 990">
     <span class='ocr_line' id='line_1_8' title="bbox 162 913 888 990; baseline 0 -18"><span class='ocrx_word' id='word_1_44' title='bbox 162 913 303 990; x_wconf 85' lang='lat' dir='ltr'>sanguine</span> <span class='ocrx_word' id='word_1_45' title='bbox 318 914 452 974; x_wconf 90' lang='lat' dir='ltr'>Troiano</span> <span class='ocrx_word' id='word_1_46' title='bbox 467 931 495 974; x_wconf 90' lang='lat' dir='ltr'>et</span> <span class='ocrx_word' id='word_1_47' title='bbox 511 915 622 975; x_wconf 90' lang='lat' dir='ltr'>Rutulo</span> <span class='ocrx_word' id='word_1_48' title='bbox 637 917 784 988; x_wconf 82' lang='lat' dir='ltr'>dotsbere,</span> <span class='ocrx_word' id='word_1_49' title='bbox 799 914 888 990; x_wconf 85' lang='lat' dir='ltr'>virgo,</span> 
     </span>
    </p>

    <p class='ocr_par' dir='ltr' id='par_1_9' title="bbox 162 993 955 1074">
     <span class='ocr_line' id='line_1_9' title="bbox 162 993 955 1074; baseline 0.004 -22"><span class='ocrx_word' id='word_1_50' title='bbox 162 1010 192 1053; x_wconf 87' lang='lat' dir='ltr'>ct</span> <span class='ocrx_word' id='word_1_51' title='bbox 208 993 330 1054; x_wconf 81' lang='lat' dir='ltr'>Bellona</span> <span class='ocrx_word' id='word_1_52' title='bbox 346 1011 446 1054; x_wconf 89' lang='lat' dir='ltr'>manet</span> <span class='ocrx_word' id='word_1_53' title='bbox 462 1012 490 1054; x_wconf 91' lang='lat' dir='ltr'>te</span> <span class='ocrx_word' id='word_1_54' title='bbox 505 999 647 1074; x_wconf 90' lang='lat' dir='ltr'>pronuba.</span> <span class='ocrx_word' id='word_1_55' title='bbox 690 1017 745 1055; x_wconf 91' lang='lat' dir='ltr'>nec</span> <span class='ocrx_word' id='word_1_56' title='bbox 760 997 825 1054; x_wconf 89' lang='lat' dir='ltr'>face</span> <span class='ocrx_word' id='word_1_57' title='bbox 841 1011 955 1056; x_wconf 91' lang='lat' dir='ltr'>tantum</span> 
     </span>
    </p>

    <p class='ocr_par' dir='ltr' id='par_1_10' title="bbox 163 1075 1033 1154">
     <span class='ocr_line' id='line_1_10' title="bbox 163 1075 1033 1154; baseline 0 -20"><span class='ocrx_word' id='word_1_58' title='bbox 163 1075 269 1134; x_wconf 84' lang='lat' dir='ltr'>Cisseis</span> <span class='ocrx_word' id='word_1_59' title='bbox 283 1095 443 1153; x_wconf 80' lang='lat' dir='ltr'>praegnans</span> <span class='ocrx_word' id='word_1_60' title='bbox 459 1077 540 1152; x_wconf 84' lang='lat' dir='ltr'>ignes</span> <span class='ocrx_word' id='word_1_61' title='bbox 556 1078 641 1136; x_wconf 85' lang='lat' dir='ltr'>enixa</span> <span class='ocrx_word' id='word_1_62' title='bbox 656 1077 783 1154; x_wconf 88' lang='lat' dir='ltr'>iugales;</span> <span class='ocrx_word' id='word_1_63' title='bbox 994 1107 1033 1146; x_wconf 76' lang='lat'>320</span> 
     </span>
    </p>

    <p class='ocr_par' dir='ltr' id='par_1_11' title="bbox 161 1155 883 1234">
     <span class='ocr_line' id='line_1_11' title="bbox 161 1155 883 1234; baseline 0.003 -20"><span class='ocrx_word' id='word_1_64' title='bbox 161 1155 233 1234; x_wconf 92' lang='lat' dir='ltr'>quin</span> <span class='ocrx_word' id='word_1_65' title='bbox 249 1155 328 1215; x_wconf 88' lang='lat' dir='ltr'>idem</span> <span class='ocrx_word' id='word_1_66' title='bbox 343 1156 453 1215; x_wconf 91' lang='lat' dir='ltr'>Veneri</span> <span class='ocrx_word' id='word_1_67' title='bbox 469 1173 567 1234; x_wconf 89' lang='lat' dir='ltr'>partus</span> <span class='ocrx_word' id='word_1_68' title='bbox 582 1179 648 1218; x_wconf 87' lang='lat' dir='ltr'>suus</span> <span class='ocrx_word' id='word_1_69' title='bbox 664 1174 693 1218; x_wconf 92' lang='lat' dir='ltr'>et</span> <span class='ocrx_word' id='word_1_70' title='bbox 709 1157 786 1216; x_wconf 89' lang='lat' dir='ltr'>Paris</span> <span class='ocrx_word' id='word_1_71' title='bbox 800 1159 883 1230; x_wconf 91' lang='lat' dir='ltr'>alter,</span> 
     </span>
    </p>

    <p class='ocr_par' dir='ltr' id='par_1_12' title="bbox 162 1237 950 1398">
     <span class='ocr_line' id='line_1_12' title="bbox 162 1237 950 1315; baseline 0.004 -21"><span class='ocrx_word' id='word_1_72' title='bbox 162 1237 353 1314; x_wconf 86' lang='lat' dir='ltr'>funestaeque</span> <span class='ocrx_word' id='word_1_73' title='bbox 368 1237 472 1296; x_wconf 90' lang='lat' dir='ltr'>iterum</span> <span class='ocrx_word' id='word_1_74' title='bbox 489 1238 616 1297; x_wconf 89' lang='lat' dir='ltr'>recidiva</span> <span class='ocrx_word' id='word_1_75' title='bbox 630 1239 662 1297; x_wconf 90' lang='lat' dir='ltr'>in</span> <span class='ocrx_word' id='word_1_76' title='bbox 678 1239 814 1315; x_wconf 87' lang='lat' dir='ltr'>Pergama</span> <span class='ocrx_word' id='word_1_77' title='bbox 829 1239 950 1298; x_wconf 67' lang='lat' dir='ltr'>taedae!</span> 
     </span>
     <span class='ocr_line' id='line_1_13' title="bbox 202 1316 943 1398; baseline 0.003 -23"><span class='ocrx_word' id='word_1_78' title='bbox 202 1319 275 1376; x_wconf 81' lang='lat' dir='ltr'>haec</span> <span class='ocrx_word' id='word_1_79' title='bbox 291 1316 340 1376; x_wconf 92' lang='lat' dir='ltr'>ubi</span> <span class='ocrx_word' id='word_1_80' title='bbox 356 1317 434 1376; x_wconf 92' lang='lat' dir='ltr'>dicta</span> <span class='ocrx_word' id='word_1_81' title='bbox 450 1318 542 1392; x_wconf 92' lang='lat' dir='ltr'>dedit,</span> <span class='ocrx_word' id='word_1_82' title='bbox 560 1335 647 1378; x_wconf 88' lang='lat' dir='ltr'>terras</span> <span class='ocrx_word' id='word_1_83' title='bbox 662 1321 806 1378; x_wconf 88' lang='lat' dir='ltr'>horrenda</span> <span class='ocrx_word' id='word_1_84' title='bbox 820 1319 924 1398; x_wconf 91' lang='lat' dir='ltr'>petivit</span> <span class='ocrx_word' id='word_1_85' title='bbox 933 1345 943 1392; x_wconf 81' lang='lat'>3</span> 
     </span>
    </p>

    <p class='ocr_par' dir='ltr' id='par_1_13' title="bbox 162 1397 865 1460">
     <span class='ocr_line' id='line_1_14' title="bbox 162 1397 865 1460; baseline 0.003 -4"><span class='ocrx_word' id='word_1_86' title='bbox 162 1397 323 1458; x_wconf 88' lang='lat' dir='ltr'>luctificam</span> <span class='ocrx_word' id='word_1_87' title='bbox 338 1399 456 1457; x_wconf 88' lang='lat' dir='ltr'>Allecto</span> <span class='ocrx_word' id='word_1_88' title='bbox 472 1398 598 1458; x_wconf 89' lang='lat' dir='ltr'>dirarum</span> <span class='ocrx_word' id='word_1_89' title='bbox 613 1401 649 1460; x_wconf 89' lang='lat' dir='ltr'>ab</span> <span class='ocrx_word' id='word_1_90' title='bbox 663 1400 731 1458; x_wconf 90' lang='lat' dir='ltr'>sede</span> <span class='ocrx_word' id='word_1_91' title='bbox 746 1401 865 1459; x_wconf 89' lang='lat' dir='ltr'>dearum</span> 
     </span>
    </p>

    <p class='ocr_par' dir='ltr' id='par_1_14' title="bbox 80 1471 835 1558">
     <span class='ocr_line' id='line_1_15' title="bbox 80 1471 835 1558; baseline 0.004 -22"><span class='ocrx_word' id='word_1_92' title='bbox 80 1471 89 1494; x_wconf 80' lang='lat'><strong>⁴</strong></span> <span class='ocrx_word' id='word_1_93' title='bbox 162 1479 345 1558; x_wconf 87' lang='lat' dir='ltr'>infernisque</span> <span class='ocrx_word' id='word_1_94' title='bbox 360 1479 418 1538; x_wconf 92' lang='lat' dir='ltr'>ciet</span> <span class='ocrx_word' id='word_1_95' title='bbox 434 1480 572 1552; x_wconf 87' lang='lat' dir='ltr'>tenebris,</span> <span class='ocrx_word' id='word_1_96' title='bbox 587 1481 635 1540; x_wconf 91' lang='lat' dir='ltr'>cui</span> <span class='ocrx_word' id='word_1_97' title='bbox 651 1480 743 1540; x_wconf 87' lang='lat' dir='ltr'>tristia</span> <span class='ocrx_word' id='word_1_98' title='bbox 757 1481 835 1540; x_wconf 87' lang='lat' dir='ltr'>bella</span> 
     </span>
    </p>

    <p class='ocr_par' dir='ltr' id='par_1_15' title="bbox 162 1559 866 1638">
     <span class='ocr_line' id='line_1_16' title="bbox 162 1559 866 1638; baseline 0.003 -20"><span class='ocrx_word' id='word_1_99' title='bbox 162 1560 279 1638; x_wconf 80' lang='lat' dir='ltr'>iraeque</span> <span class='ocrx_word' id='word_1_100' title='bbox 294 1559 475 1638; x_wconf 85' lang='lat' dir='ltr'>insidiaeque</span> <span class='ocrx_word' id='word_1_101' title='bbox 492 1576 521 1620; x_wconf 90' lang='lat' dir='ltr'>et</span> <span class='ocrx_word' id='word_1_102' title='bbox 536 1561 659 1620; x_wconf 90' lang='lat' dir='ltr'>crimina</span> <span class='ocrx_word' id='word_1_103' title='bbox 674 1562 761 1620; x_wconf 87' lang='lat' dir='ltr'>noxia</span> <span class='ocrx_word' id='word_1_104' title='bbox 776 1562 866 1621; x_wconf 89' lang='lat' dir='ltr'>cordi.</span> 
     </span>
    </p>

    <p class='ocr_par' dir='ltr' id='par_1_16' title="bbox 162 1641 802 1719">
     <span class='ocr_line' id='line_1_17' title="bbox 162 1641 802 1719; baseline 0.005 -21"><span class='ocrx_word' id='word_1_105' title='bbox 162 1641 226 1699; x_wconf 91' lang='lat' dir='ltr'>odit</span> <span class='ocrx_word' id='word_1_106' title='bbox 240 1656 270 1700; x_wconf 92' lang='lat' dir='ltr'>et</span> <span class='ocrx_word' id='word_1_107' title='bbox 284 1641 345 1718; x_wconf 87' lang='lat' dir='ltr'>ipse</span> <span class='ocrx_word' id='word_1_108' title='bbox 359 1656 441 1719; x_wconf 89' lang='lat' dir='ltr'>pater</span> <span class='ocrx_word' id='word_1_109' title='bbox 457 1641 576 1715; x_wconf 90' lang='lat' dir='ltr'>Pluton,</span> <span class='ocrx_word' id='word_1_110' title='bbox 592 1643 679 1701; x_wconf 89' lang='lat' dir='ltr'>odere</span> <span class='ocrx_word' id='word_1_111' title='bbox 694 1664 802 1702; x_wconf 87' lang='lat' dir='ltr'>sorores</span> 
     </span>
    </p>

    <p class='ocr_par' dir='ltr' id='par_1_17' title="bbox 163 1722 881 1796">
     <span class='ocr_line' id='line_1_18' title="bbox 163 1722 881 1796; baseline 0.001 -15"><span class='ocrx_word' id='word_1_112' title='bbox 163 1722 323 1781; x_wconf 84' lang='lat' dir='ltr'>Tartareae</span> <span class='ocrx_word' id='word_1_113' title='bbox 337 1739 518 1782; x_wconf 86' lang='lat' dir='ltr'>monstrum:</span> <span class='ocrx_word' id='word_1_114' title='bbox 542 1738 585 1782; x_wconf 91' lang='lat' dir='ltr'>tot</span> <span class='ocrx_word' id='word_1_115' title='bbox 599 1744 660 1782; x_wconf 84' lang='lat' dir='ltr'>sese</span> <span class='ocrx_word' id='word_1_116' title='bbox 674 1724 762 1783; x_wconf 87' lang='lat' dir='ltr'>vertit</span> <span class='ocrx_word' id='word_1_117' title='bbox 776 1724 808 1782; x_wconf 89' lang='lat' dir='ltr'>in</span> <span class='ocrx_word' id='word_1_118' title='bbox 822 1745 881 1796; x_wconf 89' lang='lat' dir='ltr'>ora,</span> 
     </span>
    </p>

    <p class='ocr_par' dir='ltr' id='par_1_18' title="bbox 163 1802 876 1882">
     <span class='ocr_line' id='line_1_19' title="bbox 163 1802 876 1882; baseline 0.001 -20"><span class='ocrx_word' id='word_1_119' title='bbox 163 1819 222 1862; x_wconf 88' lang='lat' dir='ltr'>tam</span> <span class='ocrx_word' id='word_1_120' title='bbox 236 1823 336 1862; x_wconf 86' lang='lat' dir='ltr'>saevae</span> <span class='ocrx_word' id='word_1_121' title='bbox 351 1802 450 1875; x_wconf 85' lang='lat' dir='ltr'>facies,</span> <span class='ocrx_word' id='word_1_122' title='bbox 467 1819 509 1861; x_wconf 94' lang='lat' dir='ltr'>tot</span> <span class='ocrx_word' id='word_1_123' title='bbox 523 1803 651 1882; x_wconf 89' lang='lat' dir='ltr'>pullulat</span> <span class='ocrx_word' id='word_1_124' title='bbox 665 1820 726 1862; x_wconf 88' lang='lat' dir='ltr'>atra</span> <span class='ocrx_word' id='word_1_125' title='bbox 741 1804 876 1864; x_wconf 84' lang='lat' dir='ltr'>colubris.</span> 
     </span>
    </p>

    <p class='ocr_par' dir='ltr' id='par_1_19' title="bbox 163 1883 1034 1962">
     <span class='ocr_line' id='line_1_20' title="bbox 163 1883 1034 1962; baseline 0 -21"><span class='ocrx_word' id='word_1_126' title='bbox 163 1903 249 1962; x_wconf 89' lang='lat' dir='ltr'>quam</span> <span class='ocrx_word' id='word_1_127' title='bbox 265 1883 340 1942; x_wconf 88' lang='lat' dir='ltr'>Iuno</span> <span class='ocrx_word' id='word_1_128' title='bbox 355 1883 400 1942; x_wconf 88' lang='lat' dir='ltr'>his</span> <span class='ocrx_word' id='word_1_129' title='bbox 415 1883 495 1942; x_wconf 90' lang='lat' dir='ltr'>acuit</span> <span class='ocrx_word' id='word_1_130' title='bbox 509 1884 614 1955; x_wconf 88' lang='lat' dir='ltr'>verbis,</span> <span class='ocrx_word' id='word_1_131' title='bbox 630 1905 662 1942; x_wconf 89' lang='lat' dir='ltr'>ac</span> <span class='ocrx_word' id='word_1_132' title='bbox 679 1885 747 1942; x_wconf 90' lang='lat' dir='ltr'>talia</span> <span class='ocrx_word' id='word_1_133' title='bbox 761 1885 855 1944; x_wconf 89' lang='lat' dir='ltr'>fatur:</span> <span class='ocrx_word' id='word_1_134' title='bbox 995 1915 1034 1952; x_wconf 77' lang='lat'>³30</span> 
     </span>
    </p>

    <p class='ocr_par' dir='ltr' id='par_1_20' title="bbox 144 1964 1002 2042">
     <span class='ocr_line' id='line_1_21' title="bbox 144 1964 1002 2042; baseline 0.002 -20"><span class='ocrx_word' id='word_1_135' title='bbox 144 1966 242 2022; x_wconf 90' lang='lat' dir='ltr'>‘hunc</span> <span class='ocrx_word' id='word_1_136' title='bbox 257 1964 329 2023; x_wconf 93' lang='lat' dir='ltr'>mihi</span> <span class='ocrx_word' id='word_1_137' title='bbox 344 1965 381 2023; x_wconf 94' lang='lat' dir='ltr'>da</span> <span class='ocrx_word' id='word_1_138' title='bbox 395 1964 553 2042; x_wconf 88' lang='lat' dir='ltr'>proprium,</span> <span class='ocrx_word' id='word_1_139' title='bbox 569 1965 648 2040; x_wconf 85' lang='lat' dir='ltr'>virgo</span> <span class='ocrx_word' id='word_1_140' title='bbox 664 1980 723 2024; x_wconf 83' lang='lat' dir='ltr'>sata</span> <span class='ocrx_word' id='word_1_141' title='bbox 738 1965 846 2038; x_wconf 88' lang='lat' dir='ltr'>Nocte,</span> <span class='ocrx_word' id='word_1_142' title='bbox 862 1966 1002 2037; x_wconf 89' lang='lat' dir='ltr'>laborem,</span> 
     </span>
    </p>

    <p class='ocr_par' dir='ltr' id='par_1_21' title="bbox 163 2046 930 2123">
     <span class='ocr_line' id='line_1_22' title="bbox 163 2046 930 2123; baseline 0.004 -20"><span class='ocrx_word' id='word_1_143' title='bbox 163 2047 240 2104; x_wconf 87' lang='lat' dir='ltr'>hanc</span> <span class='ocrx_word' id='word_1_144' title='bbox 255 2065 381 2123; x_wconf 90' lang='lat' dir='ltr'>operam,</span> <span class='ocrx_word' id='word_1_145' title='bbox 397 2065 434 2103; x_wconf 89' lang='lat' dir='ltr'>ne</span> <span class='ocrx_word' id='word_1_146' title='bbox 450 2061 547 2104; x_wconf 91' lang='lat' dir='ltr'>noster</span> <span class='ocrx_word' id='word_1_147' title='bbox 562 2046 654 2104; x_wconf 92' lang='lat' dir='ltr'>honos</span> <span class='ocrx_word' id='word_1_148' title='bbox 670 2046 830 2106; x_wconf 82' lang='lat' dir='ltr'>infractave</span> <span class='ocrx_word' id='word_1_149' title='bbox 845 2047 930 2106; x_wconf 80' lang='lat' dir='ltr'>cedat</span> 
     </span>
    </p>

    <p class='ocr_par' dir='ltr' id='par_1_22' title="bbox 163 2125 833 2199">
     <span class='ocr_line' id='line_1_23' title="bbox 163 2125 833 2199; baseline 0.003 -15"><span class='ocrx_word' id='word_1_150' title='bbox 163 2126 240 2184; x_wconf 88' lang='lat' dir='ltr'>fama</span> <span class='ocrx_word' id='word_1_151' title='bbox 254 2127 329 2199; x_wconf 90' lang='lat' dir='ltr'>loc0,</span> <span class='ocrx_word' id='word_1_152' title='bbox 346 2146 404 2184; x_wconf 90' lang='lat' dir='ltr'>neu</span> <span class='ocrx_word' id='word_1_153' title='bbox 419 2125 553 2184; x_wconf 86' lang='lat' dir='ltr'>conubiis</span> <span class='ocrx_word' id='word_1_154' title='bbox 569 2126 679 2184; x_wconf 90' lang='lat' dir='ltr'>ambire</span> <span class='ocrx_word' id='word_1_155' title='bbox 695 2127 833 2186; x_wconf 89' lang='lat' dir='ltr'>Latinum</span> 
     </span>
    </p>

    <p class='ocr_par' dir='ltr' id='par_1_23' title="bbox 162 2206 839 2285">
     <span class='ocr_line' id='line_1_24' title="bbox 162 2206 839 2285; baseline 0.004 -21"><span class='ocrx_word' id='word_1_156' title='bbox 162 2207 319 2265; x_wconf 88' lang='lat' dir='ltr'>Aeneadae</span> <span class='ocrx_word' id='word_1_157' title='bbox 334 2206 453 2285; x_wconf 86' lang='lat' dir='ltr'>possint,</span> <span class='ocrx_word' id='word_1_158' title='bbox 470 2207 595 2266; x_wconf 87' lang='lat' dir='ltr'>Italosve</span> <span class='ocrx_word' id='word_1_159' title='bbox 611 2207 742 2266; x_wconf 90' lang='lat' dir='ltr'>obsidere</span> <span class='ocrx_word' id='word_1_160' title='bbox 758 2208 839 2267; x_wconf 87' lang='lat' dir='ltr'>fines.</span> 
     </span>
    </p>

    <p class='ocr_par' dir='ltr' id='par_1_24' title="bbox 163 2286 880 2366">
     <span class='ocr_line' id='line_1_25' title="bbox 163 2286 880 2366; baseline 0.001 -20"><span class='ocrx_word' id='word_1_161' title='bbox 163 2304 195 2346; x_wconf 92' lang='lat' dir='ltr'>tu</span> <span class='ocrx_word' id='word_1_162' title='bbox 210 2302 292 2365; x_wconf 87' lang='lat' dir='ltr'>potes</span> <span class='ocrx_word' id='word_1_163' title='bbox 307 2286 459 2346; x_wconf 87' lang='lat' dir='ltr'>unanimos</span> <span class='ocrx_word' id='word_1_164' title='bbox 473 2308 584 2346; x_wconf 88' lang='lat' dir='ltr'>armare</span> <span class='ocrx_word' id='word_1_165' title='bbox 599 2287 631 2345; x_wconf 91' lang='lat' dir='ltr'>in</span> <span class='ocrx_word' id='word_1_166' title='bbox 646 2289 757 2366; x_wconf 88' lang='lat' dir='ltr'>proelia</span> <span class='ocrx_word' id='word_1_167' title='bbox 772 2289 880 2360; x_wconf 86' lang='lat' dir='ltr'>fratres,</span> 
     </span>
    </p>

    <p class='ocr_par' dir='ltr' id='par_1_25' title="bbox 164 2368 889 2447">
     <span class='ocr_line' id='line_1_26' title="bbox 164 2368 889 2447; baseline 0 -21"><span class='ocrx_word' id='word_1_168' title='bbox 164 2384 251 2447; x_wconf 90' lang='lat' dir='ltr'>atque</span> <span class='ocrx_word' id='word_1_169' title='bbox 266 2368 339 2427; x_wconf 87' lang='lat' dir='ltr'>odiis</span> <span class='ocrx_word' id='word_1_170' title='bbox 353 2389 465 2427; x_wconf 87' lang='lat' dir='ltr'>versare</span> <span class='ocrx_word' id='word_1_171' title='bbox 480 2369 600 2440; x_wconf 80' lang='lat' dir='ltr'>domos3</span> <span class='ocrx_word' id='word_1_172' title='bbox 623 2384 654 2426; x_wconf 92' lang='lat' dir='ltr'>tu</span> <span class='ocrx_word' id='word_1_173' title='bbox 670 2369 789 2428; x_wconf 88' lang='lat' dir='ltr'>verbera</span> <span class='ocrx_word' id='word_1_174' title='bbox 805 2369 889 2428; x_wconf 88' lang='lat' dir='ltr'>tectis</span> 
     </span>
    </p>

    <p class='ocr_par' dir='ltr' id='par_1_26' title="bbox 164 2449 905 2528">
     <span class='ocr_line' id='line_1_27' title="bbox 164 2449 905 2528; baseline 0.001 -22"><span class='ocrx_word' id='word_1_175' title='bbox 164 2449 354 2528; x_wconf 82' lang='lat' dir='ltr'>funereasque</span> <span class='ocrx_word' id='word_1_176' title='bbox 369 2449 477 2508; x_wconf 89' lang='lat' dir='ltr'>inferre</span> <span class='ocrx_word' id='word_1_177' title='bbox 492 2449 588 2520; x_wconf 88' lang='lat' dir='ltr'>faces;</span> <span class='ocrx_word' id='word_1_178' title='bbox 611 2449 663 2508; x_wconf 91' lang='lat' dir='ltr'>tibi</span> <span class='ocrx_word' id='word_1_179' title='bbox 680 2449 799 2508; x_wconf 89' lang='lat' dir='ltr'>nomina</span> <span class='ocrx_word' id='word_1_180' title='bbox 813 2449 905 2521; x_wconf 89' lang='lat' dir='ltr'>mille,</span> 
     </span>
    </p>

    <p class='ocr_par' dir='ltr' id='par_1_27' title="bbox 164 2530 958 2608">
     <span class='ocr_line' id='line_1_28' title="bbox 164 2530 958 2608; baseline 0 -20"><span class='ocrx_word' id='word_1_181' title='bbox 164 2530 246 2588; x_wconf 89' lang='lat' dir='ltr'>mille</span> <span class='ocrx_word' id='word_1_182' title='bbox 262 2530 389 2589; x_wconf 90' lang='lat' dir='ltr'>nocendi</span> <span class='ocrx_word' id='word_1_183' title='bbox 404 2546 486 2590; x_wconf 88' lang='lat' dir='ltr'>artes.</span> <span class='ocrx_word' id='word_1_184' title='bbox 529 2531 690 2590; x_wconf 88' lang='lat' dir='ltr'>fecundum</span> <span class='ocrx_word' id='word_1_185' title='bbox 706 2545 832 2590; x_wconf 85' lang='lat' dir='ltr'>concute</span> <span class='ocrx_word' id='word_1_186' title='bbox 846 2546 958 2608; x_wconf 88' lang='lat' dir='ltr'>pectus,</span> 
     </span>
    </p>

    <p class='ocr_par' dir='ltr' id='par_1_28' title="bbox 163 2610 905 2690">
     <span class='ocr_line' id='line_1_29' title="bbox 163 2610 905 2690; baseline -0.003 -21"><span class='ocrx_word' id='word_1_187' title='bbox 163 2610 258 2669; x_wconf 81' lang='lat' dir='ltr'>disice¹</span> <span class='ocrx_word' id='word_1_188' title='bbox 268 2611 459 2690; x_wconf 86' lang='lat' dir='ltr'>compositam</span> <span class='ocrx_word' id='word_1_189' title='bbox 473 2632 585 2689; x_wconf 88' lang='lat' dir='ltr'>pacem,</span> <span class='ocrx_word' id='word_1_190' title='bbox 602 2632 663 2670; x_wconf 90' lang='lat' dir='ltr'>sere</span> <span class='ocrx_word' id='word_1_191' title='bbox 679 2611 801 2670; x_wconf 89' lang='lat' dir='ltr'>crimina</span> <span class='ocrx_word' id='word_1_192' title='bbox 815 2610 905 2681; x_wconf 90' lang='lat' dir='ltr'>belli;</span> 
     </span>
    </p>

    <p class='ocr_par' dir='ltr' id='par_1_29' title="bbox 163 2691 1034 2849">
     <span class='ocr_line' id='line_1_30' title="bbox 163 2691 1034 2770; baseline 0.001 -21"><span class='ocrx_word' id='word_1_193' title='bbox 163 2712 241 2750; x_wconf 89' lang='lat' dir='ltr'>arma</span> <span class='ocrx_word' id='word_1_194' title='bbox 258 2691 330 2751; x_wconf 91' lang='lat' dir='ltr'>velit</span> <span class='ocrx_word' id='word_1_195' title='bbox 343 2708 501 2770; x_wconf 89' lang='lat' dir='ltr'>poscatque</span> <span class='ocrx_word' id='word_1_196' title='bbox 516 2692 602 2750; x_wconf 89' lang='lat' dir='ltr'>simul</span> <span class='ocrx_word' id='word_1_197' title='bbox 618 2692 769 2770; x_wconf 90' lang='lat' dir='ltr'>rapiatque</span> <span class='ocrx_word' id='word_1_198' title='bbox 784 2691 939 2751; x_wconf 64' lang='lat' dir='ltr'>iuventus?</span> <span class='ocrx_word' id='word_1_199' title='bbox 996 2721 1034 2760; x_wconf 78' lang='lat'>³40</span> 
     </span>
     <span class='ocr_line' id='line_1_31' title="bbox 205 2771 844 2849; baseline 0 -19"><span class='ocrx_word' id='word_1_200' title='bbox 205 2771 273 2830; x_wconf 86' lang='lat' dir='ltr'>exin</span> <span class='ocrx_word' id='word_1_201' title='bbox 289 2772 451 2849; x_wconf 83' lang='lat' dir='ltr'>Gorgonels</span> <span class='ocrx_word' id='word_1_202' title='bbox 465 2773 584 2832; x_wconf 88' lang='lat' dir='ltr'>Allecto</span> <span class='ocrx_word' id='word_1_203' title='bbox 598 2772 709 2832; x_wconf 87' lang='lat' dir='ltr'>infecta</span> <span class='ocrx_word' id='word_1_204' title='bbox 723 2772 844 2832; x_wconf 88' lang='lat' dir='ltr'>venenis</span> 
     </span>
    </p>

    <p class='ocr_par' dir='ltr' id='par_1_30' title="bbox 162 2851 874 2930">
     <span class='ocr_line' id='line_1_32' title="bbox 162 2851 874 2930; baseline 0.003 -22"><span class='ocrx_word' id='word_1_205' title='bbox 162 2851 308 2930; x_wconf 90' lang='lat' dir='ltr'>principio</span> <span class='ocrx_word' id='word_1_206' title='bbox 322 2853 439 2912; x_wconf 88' lang='lat' dir='ltr'>Latium</span> <span class='ocrx_word' id='word_1_207' title='bbox 455 2869 484 2912; x_wconf 88' lang='lat' dir='ltr'>et</span> <span class='ocrx_word' id='word_1_208' title='bbox 499 2853 652 2912; x_wconf 89' lang='lat' dir='ltr'>Laurentis</span> <span class='ocrx_word' id='word_1_209' title='bbox 668 2870 745 2914; x_wconf 89' lang='lat' dir='ltr'>tecta</span> <span class='ocrx_word' id='word_1_210' title='bbox 760 2853 874 2930; x_wconf 89' lang='lat' dir='ltr'>tyranni</span> 
     </span>
    </p>

    <p class='ocr_par' dir='ltr' id='par_1_31' title="bbox 165 2932 917 3013">
     <span class='ocr_line' id='line_1_33' title="bbox 165 2932 917 3013; baseline 0.001 -22"><span class='ocrx_word' id='word_1_211' title='bbox 165 2933 242 2991; x_wconf 90' lang='lat' dir='ltr'>celsa</span> <span class='ocrx_word' id='word_1_212' title='bbox 256 2932 340 3009; x_wconf 91' lang='lat' dir='ltr'>petit,</span> <span class='ocrx_word' id='word_1_213' title='bbox 358 2935 535 3013; x_wconf 90' lang='lat' dir='ltr'>tacitumque</span> <span class='ocrx_word' id='word_1_214' title='bbox 550 2934 663 2993; x_wconf 89' lang='lat' dir='ltr'>obsedit</span> <span class='ocrx_word' id='word_1_215' title='bbox 679 2935 769 2993; x_wconf 89' lang='lat' dir='ltr'>limen</span> <span class='ocrx_word' id='word_1_216' title='bbox 784 2937 917 3006; x_wconf 85' lang='lat' dir='ltr'>Amatae,</span> 
     </span>
    </p>

    <p class='ocr_par' dir='ltr' id='par_1_32' title="bbox 164 3013 1017 3094">
     <span class='ocr_line' id='line_1_34' title="bbox 164 3013 1017 3094; baseline 0.002 -25"><span class='ocrx_word' id='word_1_217' title='bbox 164 3032 253 3091; x_wconf 88' lang='lat' dir='ltr'>quam</span> <span class='ocrx_word' id='word_1_218' title='bbox 267 3033 353 3090; x_wconf 89' lang='lat' dir='ltr'>super</span> <span class='ocrx_word' id='word_1_219' title='bbox 367 3014 493 3073; x_wconf 85' lang='lat' dir='ltr'>adventu</span> <span class='ocrx_word' id='word_1_220' title='bbox 510 3015 661 3074; x_wconf 90' lang='lat' dir='ltr'>Teucrum</span> <span class='ocrx_word' id='word_1_221' title='bbox 678 3015 833 3094; x_wconf 89' lang='lat' dir='ltr'>Turnique</span> <span class='ocrx_word' id='word_1_222' title='bbox 848 3013 1017 3092; x_wconf 83' lang='lat' dir='ltr'>hymenaeis</span> 
     </span>
    </p>

    <p class='ocr_par' dir='ltr' id='par_1_33' title="bbox 164 3092 957 3175">
     <span class='ocr_line' id='line_1_35' title="bbox 164 3092 957 3175; baseline 0.006 -25"><span class='ocrx_word' id='word_1_223' title='bbox 164 3092 310 3152; x_wconf 87' lang='lat' dir='ltr'>femineae</span> <span class='ocrx_word' id='word_1_224' title='bbox 326 3094 474 3154; x_wconf 88' lang='lat' dir='ltr'>ardentem</span> <span class='ocrx_word' id='word_1_225' title='bbox 490 3116 632 3174; x_wconf 86' lang='lat' dir='ltr'>curaeque</span> <span class='ocrx_word' id='word_1_226' title='bbox 648 3095 765 3174; x_wconf 89' lang='lat' dir='ltr'>iraeque</span> <span class='ocrx_word' id='word_1_227' title='bbox 781 3096 957 3175; x_wconf 89' lang='lat' dir='ltr'>coquebant.</span> 
     </span>
    </p>

    <p class='ocr_par' dir='ltr' id='par_1_34' title="bbox 163 3173 897 3253">
     <span class='ocr_line' id='line_1_36' title="bbox 163 3173 897 3253; baseline 0.007 -22"><span class='ocrx_word' id='word_1_228' title='bbox 163 3173 233 3232; x_wconf 91' lang='lat' dir='ltr'>huic</span> <span class='ocrx_word' id='word_1_229' title='bbox 248 3173 303 3232; x_wconf 89' lang='lat' dir='ltr'>dea</span> <span class='ocrx_word' id='word_1_230' title='bbox 318 3176 456 3235; x_wconf 86' lang='lat' dir='ltr'>caeruleis</span> <span class='ocrx_word' id='word_1_231' title='bbox 472 3197 564 3235; x_wconf 88' lang='lat' dir='ltr'>unum</span> <span class='ocrx_word' id='word_1_232' title='bbox 578 3177 615 3234; x_wconf 90' lang='lat' dir='ltr'>de</span> <span class='ocrx_word' id='word_1_233' title='bbox 631 3175 757 3235; x_wconf 87' lang='lat' dir='ltr'>crinibus</span> <span class='ocrx_word' id='word_1_234' title='bbox 773 3197 897 3253; x_wconf 84' lang='lat' dir='ltr'>anguem</span> 
     </span>
    </p>

    <p class='ocr_par' dir='ltr' id='par_1_35' title="bbox 165 3254 973 3335">
     <span class='ocr_line' id='line_1_37' title="bbox 165 3254 973 3335; baseline 0.005 -23"><span class='ocrx_word' id='word_1_235' title='bbox 165 3254 285 3326; x_wconf 89' lang='lat' dir='ltr'>conicit,</span> <span class='ocrx_word' id='word_1_236' title='bbox 301 3254 390 3332; x_wconf 92' lang='lat' dir='ltr'>inque</span> <span class='ocrx_word' id='word_1_237' title='bbox 405 3255 500 3315; x_wconf 90' lang='lat' dir='ltr'>sinum</span> <span class='ocrx_word' id='word_1_238' title='bbox 514 3257 682 3335; x_wconf 87' lang='lat' dir='ltr'>praecordia</span> <span class='ocrx_word' id='word_1_239' title='bbox 698 3258 734 3316; x_wconf 89' lang='lat' dir='ltr'>ad</span> <span class='ocrx_word' id='word_1_240' title='bbox 749 3257 852 3317; x_wconf 88' lang='lat' dir='ltr'>intima</span> <span class='ocrx_word' id='word_1_241' title='bbox 867 3257 973 3332; x_wconf 89' lang='lat' dir='ltr'>subdit,</span> 
     </span>
    </p>

    <p class='ocr_par' dir='ltr' id='par_1_36' title="bbox 164 3335 1001 3416">
     <span class='ocr_line' id='line_1_38' title="bbox 164 3335 1001 3416; baseline 0.002 -23"><span class='ocrx_word' id='word_1_242' title='bbox 164 3356 222 3413; x_wconf 93' lang='lat' dir='ltr'>quo</span> <span class='ocrx_word' id='word_1_243' title='bbox 237 3335 393 3396; x_wconf 88' lang='lat' dir='ltr'>furibunda</span> <span class='ocrx_word' id='word_1_244' title='bbox 409 3337 528 3396; x_wconf 90' lang='lat' dir='ltr'>domum</span> <span class='ocrx_word' id='word_1_245' title='bbox 543 3354 673 3396; x_wconf 89' lang='lat' dir='ltr'>monstro</span> <span class='ocrx_word' id='word_1_246' title='bbox 686 3339 859 3416; x_wconf 85' lang='lat' dir='ltr'>permisceat</span> <span class='ocrx_word' id='word_1_247' title='bbox 873 3357 1001 3397; x_wconf 88' lang='lat' dir='ltr'>omnem.</span> 
     </span>
    </p>
   </div>
   <div class='ocr_carea' id='block_1_3' title="bbox 0 0 1293 4114">
    <p class='ocr_par' dir='ltr' id='par_1_37' title="bbox 0 0 1293 4114">
     <span class='ocr_line' id='line_1_39' title="bbox 0 0 1293 4114; baseline 0 0"><span class='ocrx_word' id='word_1_248' title='bbox 0 0 1293 4114; x_wconf 95' lang='lat' dir='ltr'> </span> 
     </span>
    </p>
   </div>
  </div>
 </body>
</html>
