2568 4114
242 366 287 414 ¹90
520 347 548 399 P.
562 347 707 420 'VERGILI
725 346 882 396 MARONIS

258 486 347 540 ‘nate
362 480 465 553 dea,
443 500 466 539 st
482 497 571 538 nemo
585 477 674 537 audet
689 497 718 536 se
733 477 851 536 credere
866 497 989 554 pugnae,

278 582 352 640 quae
368 561 435 620 finis
450 559 566 620 standi?
587 579 645 639 quo
660 579 708 618 me
723 559 809 617 decet
824 577 915 636 usque
930 559 1043 617 teneri?

277 643 385 702 ducere
401 643 478 700 dona
493 640 584 700 iube.'
627 639 728 700 cuncti
743 639 830 698 simul
845 659 894 698 ore
909 639 1075 699 fremebant

172 745 180 774 ι
278 723 475 815 Dardanidae,
491 720 676 800 reddique
649 741 712 780 vrro
727 719 864 814 promissa
878 719 1029 778 iubebant.

277 804 327 863 hic
341 803 435 897 gravis
449 803 603 862 Entellum
618 801 704 861 dictis
720 801 840 877 castigat
853 801 983 873 Acestes,

279 885 426 963 proximus
441 899 475 944 ut
488 882 634 942 viridante
651 897 715 941 toro
730 881 901 940 consederat
915 881 1040 940 herbae.

260 966 405 1038 ‘Entelle,
419 967 542 1024 heroum
558 963 708 1042 quondam
724 961 878 1021 fortissime
893 961 1007 1032 frustra,

279 1062 399 1106 tantane
412 1061 471 1105 tarn
485 1043 598 1138 patiens
614 1043 699 1103 nullo
714 1042 873 1102 certamine
888 1042 952 1100 tolli
1114 1072 1149 1112 ³90

278 1127 355 1186 dona
370 1126 465 1186 sines?
486 1123 536 1184 ubi
553 1143 633 1184 nunc
651 1122 735 1183 nobis
749 1123 821 1182 deus
836 1123 897 1196 ille,
912 1123 1047 1199 magister

280 1207 457 1286 nequiquam
471 1220 656 1279 memoratus,
674 1205 772 1283 Eryx?
795 1203 844 1263 ubi
859 1204 936 1263 fama
950 1223 1132 1282 peromnem

280 1287 474 1360 Trinacriam,
491 1304 520 1346 et
534 1287 625 1366 spolia
643 1287 694 1346 illa
708 1285 765 1345 tuis
780 1285 941 1364 pendentia
955 1284 1073 1344 tectisl'

280 1369 331 1428 ille
345 1369 398 1426 sub
412 1369 534 1426 haec:‘
544 1387 603 1426 non
619 1365 715 1426 laudis
730 1386 821 1438 amor,
837 1385 892 1425 nec
906 1365 996 1442 gloria
1010 1365 1096 1426 cessit

279 1441 476 1540 pulsametu3
497 1447 643 1507 sedenim
659 1447 772 1524 gelidus
788 1447 921 1506 tardante
936 1461 1053 1505 senecta

280 1528 394 1605 sanguis
407 1528 506 1600 hebet,
522 1527 692 1606 frigentque
708 1527 836 1586 effetae
828 1547 859 1586 sn
874 1547 994 1605 corpore
1008 1527 1092 1586 vires.

280 1631 302 1669 ss
295 1609 400 1682 mihi,
415 1629 490 1688 quae
505 1608 654 1700 quondam
671 1608 776 1681 fuerat,
793 1627 909 1687 quaque
922 1607 1084 1686 inprobus
1076 1622 1129 1666 rste

280 1691 407 1750 exsultat
421 1688 559 1762 fidens,'
538 1709 560 1747 ει
577 1708 658 1748 nunc
675 1689 751 1748 foret
767 1688 841 1748 illa'
833 1700 974 1761 luventas,

279 1771 358 1830 haud
372 1770 510 1850 equidem
544 1770 619 1830 retio
636 1755 776 1829 inductus
787 1769 997 1865 pulclrroque'
989 1788 1114 1828 iuvenco

279 1853 432 1925 venissem,
448 1872 503 1912 nec
518 1793 595 1911 dona
612 1851 728 1911 moror’
772 1851 812 1910 sic
827 1849 934 1909 deinde
948 1850 1061 1909 locutus
1115 1878 1151 1916 ιω

280 1933 312 1993 in
327 1933 457 1992 medium
470 1932 601 2009 geminos
619 1933 733 1992 inmani
725 1931 879 2024 'pondere
893 1946 1005 1990 caestus

279 2013 413 2093 proiecit,
429 2013 534 2092 quibus
549 2033 615 2072 acer
632 2012 734 2090 Eryx
725 2033 757 2072 m
773 2011 883 2090 proelia
897 2026 995 2070 suetus

281 2095 356 2153 ferre
371 2113 491 2153 manum
505 2094 637 2172 duroque
654 2093 810 2152 intendere
825 2092 958 2151 bracchia
974 2107 1062 2168 tergo

281 2174 446 2252 obstipuere
460 2173 570 2234 animi:
593 2189 744 2234 tantorum
760 2173 891 2250 ingentia
905 2189 1016 2251 septem

282 2271 360 2332 terga
374 2255 463 2314 bourn
477 2255 623 2334 plumbo
615 2271 714 2314 rnsuto
731 2255 866 2333 ferroque
880 2254 1022 2330 rigebant.

281 2352 348 2396 ante
362 2357 462 2396 omnes
477 2351 575 2414 stupet
590 2336 652 2415 ipse
669 2335 770 2408 Dares,
787 2334 991 2474 longeque
946 2349 1077 2404 recusat;

281 2416 540 2496 magnanimusque
555 2416 750 2476 Anchisiades
767 2431 796 2474 et
810 2436 870 2495 pon
892 2436 924 2474 us
939 2415 1044 2493 etipsa

281 2501 339 2557 huc
354 2498 427 2558 illuc
441 2497 631 2556 vinclorum
623 2517 758 2556 inmensa
773 2495 922 2556 volumina
937 2512 1038 2555 versat.

281 2595 344 2637 tum
359 2578 455 2637 senior
470 2578 539 2637 tales
555 2578 701 2646 referebat
719 2594 838 2656 pectore
853 2597 955 2637 voces:

262 2659 361 2737 ‘quid
377 2660 400 2718 si
414 2659 478 2739 quis
492 2674 604 2718 caestus
621 2658 711 2737 ipsius
730 2673 760 2717 et
775 2657 913 2718 Herculis
928 2678 1006 2716 arma
1116 2685 1152 2724 410

281 2739 408 2813 vidisset,
424 2739 535 2798 tristem
557 2760 594 2798 ue
609 2741 665 2798 hoc
685 2739 747 2817 ipso
762 2739 794 2798 in
810 2739 896 2798 litore
909 2743 1056 2816 pugnam?

281 2821 353 2879 haec
368 2840 520 2896 germanus
537 2761 618 2898 liryx
636 2819 787 2898 quondam
806 2834 872 2878 tuus
887 2839 965 2878 arma
979 2820 1113 2895 gerebat:

282 2901 421 2976 sanguine
437 2901 531 2961 cernis
547 2902 643 2960 adhuc
662 2921 818 2980 sparsoque
834 2900 944 2959 infecta
959 2900 1087 2958 cerebro.

281 2980 326 3038 his
341 3001 477 3058 magnum
491 2981 619 3042 Alciden
637 2996 739 3041 contra
756 2981 856 3052 stetit3
877 2981 920 3038 his
936 3000 989 3056 ego
1003 2996 1109 3050 suetus,

282 3061 352 3120 dum
366 3062 511 3120 melior
484 3083 559 3122 mres
577 3061 691 3138 sanguis
709 3062 803 3134 dabat,
819 3061 933 3120 aemula
949 3061 1092 3118 necdum

282 3142 460 3220 temporibus
475 3143 598 3219 geminis
615 3143 738 3202 canebat
754 3163 848 3220 sparsa
862 3157 1005 3201 senectus.

281 3221 377 3295 sed,
355 3243 378 3280 ιι
394 3239 491 3282 nostra
507 3223 600 3282 Dares
615 3226 688 3282 haec
704 3222 813 3281 Troius
828 3243 907 3282 arma
922 3237 1043 3294 recusat,

281 3302 413 3382 idque
384 3323 434 3381 pro
450 3302 531 3362 sedet
546 3305 675 3376 Aeneae,
689 3304 793 3381 probat
808 3318 910 3362 auctor
923 3304 1054 3372 Acestes,

282 3404 436 3463 aequemus
454 3403 574 3462 pugnas.
617 3384 717 3460 Erycis
732 3383 786 3443 tibi
802 3399 881 3461 terga
894 3383 1033 3453 remitto;
1071 3447 1072 3452 χ
