<?xml version="1.0" encoding="UTF-8"?>
<!DOCTYPE html PUBLIC "-//W3C//DTD XHTML 1.0 Transitional//EN"
    "http://www.w3.org/TR/xhtml1/DTD/xhtml1-transitional.dtd">
<html xmlns="http://www.w3.org/1999/xhtml" xml:lang="en" lang="en">
 <head>
  <title>
</title>
<meta http-equiv="Content-Type" content="text/html;charset=utf-8" />
  <meta name='ocr-system' content='tesseract 3.04.00' />
  <meta name='ocr-capabilities' content='ocr_page ocr_carea ocr_par ocr_line ocrx_word'/>
</head>
<body>
  <div class='ocr_page' id='page_1' title='image "./bucolicageorgic05virggoog/bucolicageorgic05virggoog_0108.png"; bbox 0 0 2558 4112; ppageno 0'>
   <div class='ocr_carea' id='block_1_1' title="bbox 394 313 1012 407">
    <p class='ocr_par' dir='ltr' id='par_1_1' title="bbox 394 313 1012 407">
     <span class='ocr_line' id='line_1_1' title="bbox 394 313 1012 407; baseline 0.002 -1"><span class='ocrx_word' id='word_1_1' title='bbox 394 357 594 406; x_wconf 83' lang='lat' dir='ltr'>GEORGICON</span> <span class='ocrx_word' id='word_1_2' title='bbox 611 357 673 404; x_wconf 87' lang='lat' dir='ltr'><strong>LIB.</strong></span> <span class='ocrx_word' id='word_1_3' title='bbox 690 357 730 404; x_wconf 90' lang='lat' dir='ltr'>1v</span> <span class='ocrx_word' id='word_1_4' title='bbox 970 313 1012 407; x_wconf 30' lang='lat'>281</span> 
     </span>
    </p>
   </div>
   <div class='ocr_carea' id='block_1_2' title="bbox 145 485 1015 3310">
    <p class='ocr_par' dir='ltr' id='par_1_2' title="bbox 145 485 1015 3310">
     <span class='ocr_line' id='line_1_2' title="bbox 146 485 999 566; baseline -0.001 -19"><span class='ocrx_word' id='word_1_5' title='bbox 146 487 412 566; x_wconf 85' lang='lat' dir='ltr'>excipiat-neque</span> <span class='ocrx_word' id='word_1_6' title='bbox 428 486 507 545; x_wconf 90' lang='lat' dir='ltr'>enim</span> <span class='ocrx_word' id='word_1_7' title='bbox 520 486 585 563; x_wconf 90' lang='lat' dir='ltr'>plus</span> <span class='ocrx_word' id='word_1_8' title='bbox 600 485 722 563; x_wconf 89' lang='lat' dir='ltr'>septima</span> <span class='ocrx_word' id='word_1_9' title='bbox 737 485 853 545; x_wconf 88' lang='lat' dir='ltr'><strong>ducitur</strong></span> <span class='ocrx_word' id='word_1_10' title='bbox 867 501 999 546; x_wconf 88' lang='lat' dir='ltr'>aestas-—</span> 
     </span>
     <span class='ocr_line' id='line_1_3' title="bbox 146 567 911 646; baseline -0.003 -18"><span class='ocrx_word' id='word_1_11' title='bbox 146 585 175 628; x_wconf 92' lang='lat' dir='ltr'>at</span> <span class='ocrx_word' id='word_1_12' title='bbox 188 589 280 646; x_wconf 84' lang='lat' dir='ltr'>genus</span> <span class='ocrx_word' id='word_1_13' title='bbox 295 567 450 626; x_wconf 80' lang='lat' dir='ltr'>inmortale</span> <span class='ocrx_word' id='word_1_14' title='bbox 464 581 563 626; x_wconf 88' lang='lat' dir='ltr'>manet</span> <span class='ocrx_word' id='word_1_15' title='bbox 578 567 741 644; x_wconf 90' lang='lat' dir='ltr'>multosque</span> <span class='ocrx_word' id='word_1_16' title='bbox 755 587 808 644; x_wconf 91' lang='lat' dir='ltr'>per</span> <span class='ocrx_word' id='word_1_17' title='bbox 822 587 911 626; x_wconf 90' lang='lat' dir='ltr'>annos</span> 
     </span>
     <span class='ocr_line' id='line_1_4' title="bbox 146 647 903 710; baseline -0.001 -1"><span class='ocrx_word' id='word_1_18' title='bbox 146 665 201 710; x_wconf 87' lang='lat' dir='ltr'>stat</span> <span class='ocrx_word' id='word_1_19' title='bbox 215 650 334 708; x_wconf 87' lang='lat' dir='ltr'>fortuna</span> <span class='ocrx_word' id='word_1_20' title='bbox 348 649 450 707; x_wconf 90' lang='lat' dir='ltr'>domus</span> <span class='ocrx_word' id='word_1_21' title='bbox 466 663 496 706; x_wconf 92' lang='lat' dir='ltr'>et</span> <span class='ocrx_word' id='word_1_22' title='bbox 510 647 554 706; x_wconf 90' lang='lat' dir='ltr'>avi</span> <span class='ocrx_word' id='word_1_23' title='bbox 570 662 762 706; x_wconf 88' lang='lat' dir='ltr'>numerantur</span> <span class='ocrx_word' id='word_1_24' title='bbox 776 668 903 708; x_wconf 88' lang='lat' dir='ltr'>avorum.</span> 
     </span>
     <span class='ocr_line' id='line_1_5' title="bbox 146 727 1015 809; baseline 0.001 -21"><span class='ocrx_word' id='word_1_25' title='bbox 146 745 295 809; x_wconf 87' lang='lat' dir='ltr'>praeterea</span> <span class='ocrx_word' id='word_1_26' title='bbox 308 749 405 806; x_wconf 84' lang='lat' dir='ltr'>regem</span> <span class='ocrx_word' id='word_1_27' title='bbox 419 749 479 788; x_wconf 90' lang='lat' dir='ltr'>non</span> <span class='ocrx_word' id='word_1_28' title='bbox 494 728 534 788; x_wconf 90' lang='lat' dir='ltr'>sic</span> <span class='ocrx_word' id='word_1_29' title='bbox 549 729 695 806; x_wconf 79' lang='lat' dir='ltr'>Aegyptos</span> <span class='ocrx_word' id='word_1_30' title='bbox 710 743 739 786; x_wconf 92' lang='lat' dir='ltr'>et</span> <span class='ocrx_word' id='word_1_31' title='bbox 753 727 856 804; x_wconf 86' lang='lat' dir='ltr'>ingens</span> <span class='ocrx_word' id='word_1_32' title='bbox 976 761 1015 789; x_wconf 54' lang='grc' dir='ltr'>,ιο</span> 
     </span>
     <span class='ocr_line' id='line_1_6' title="bbox 146 809 965 888; baseline -0.004 -17"><span class='ocrx_word' id='word_1_33' title='bbox 146 811 238 888; x_wconf 90' lang='lat' dir='ltr'>Lydia</span> <span class='ocrx_word' id='word_1_34' title='bbox 252 831 307 870; x_wconf 89' lang='lat' dir='ltr'>nec</span> <span class='ocrx_word' id='word_1_35' title='bbox 322 809 424 888; x_wconf 90' lang='lat' dir='ltr'>populi</span> <span class='ocrx_word' id='word_1_36' title='bbox 441 811 612 868; x_wconf 82' lang='lat' dir='ltr'>Parthorum</span> <span class='ocrx_word' id='word_1_37' title='bbox 628 825 676 867; x_wconf 82' lang='lat' dir='ltr'>aut</span> <span class='ocrx_word' id='word_1_38' title='bbox 692 809 798 868; x_wconf 90' lang='lat' dir='ltr'>Medus</span> <span class='ocrx_word' id='word_1_39' title='bbox 814 809 965 888; x_wconf 82' lang='lat' dir='ltr'>Hydaspes</span> 
     </span>
     <span class='ocr_line' id='line_1_7' title="bbox 146 889 973 966; baseline -0.002 -15"><span class='ocrx_word' id='word_1_40' title='bbox 146 892 309 951; x_wconf 87' lang='lat' dir='ltr'>observant.</span> <span class='ocrx_word' id='word_1_41' title='bbox 351 911 417 966; x_wconf 84' lang='lat' dir='ltr'>rege</span> <span class='ocrx_word' id='word_1_42' title='bbox 433 889 574 950; x_wconf 88' lang='lat' dir='ltr'>incolumi</span> <span class='ocrx_word' id='word_1_43' title='bbox 590 910 672 948; x_wconf 88' lang='lat' dir='ltr'>mens</span> <span class='ocrx_word' id='word_1_44' title='bbox 687 889 822 948; x_wconf 87' lang='lat' dir='ltr'>omnibus</span> <span class='ocrx_word' id='word_1_45' title='bbox 836 911 894 950; x_wconf 88' lang='lat' dir='ltr'>una</span> <span class='ocrx_word' id='word_1_46' title='bbox 909 906 973 960; x_wconf 83' lang='lat' dir='ltr'>est3</span> 
     </span>
     <span class='ocr_line' id='line_1_8' title="bbox 146 971 810 1049; baseline -0.003 -19"><span class='ocrx_word' id='word_1_47' title='bbox 146 973 250 1031; x_wconf 86' lang='lat' dir='ltr'>amisso</span> <span class='ocrx_word' id='word_1_48' title='bbox 264 992 367 1049; x_wconf 90' lang='lat' dir='ltr'>rupere</span> <span class='ocrx_word' id='word_1_49' title='bbox 383 971 471 1030; x_wconf 86' lang='lat' dir='ltr'>fidem</span> <span class='ocrx_word' id='word_1_50' title='bbox 486 986 707 1048; x_wconf 83' lang='lat' dir='ltr'>constructaque</span> <span class='ocrx_word' id='word_1_51' title='bbox 723 971 810 1029; x_wconf 91' lang='lat' dir='ltr'>mella</span> 
     </span>
     <span class='ocr_line' id='line_1_9' title="bbox 145 1051 812 1130; baseline 0 -20"><span class='ocrx_word' id='word_1_52' title='bbox 145 1053 291 1130; x_wconf 87' lang='lat' dir='ltr'>diripuere</span> <span class='ocrx_word' id='word_1_53' title='bbox 305 1052 383 1130; x_wconf 88' lang='lat' dir='ltr'>ipsae</span> <span class='ocrx_word' id='word_1_54' title='bbox 398 1067 426 1111; x_wconf 91' lang='lat' dir='ltr'>et</span> <span class='ocrx_word' id='word_1_55' title='bbox 441 1067 531 1111; x_wconf 88' lang='lat' dir='ltr'>crates</span> <span class='ocrx_word' id='word_1_56' title='bbox 545 1052 656 1110; x_wconf 91' lang='lat' dir='ltr'>solvere</span> <span class='ocrx_word' id='word_1_57' title='bbox 671 1051 812 1110; x_wconf 87' lang='lat' dir='ltr'>favorum.</span> 
     </span>
     <span class='ocr_line' id='line_1_10' title="bbox 145 1132 904 1211; baseline 0 -20"><span class='ocrx_word' id='word_1_58' title='bbox 145 1133 198 1192; x_wconf 90' lang='lat' dir='ltr'>ille</span> <span class='ocrx_word' id='word_1_59' title='bbox 212 1153 333 1211; x_wconf 91' lang='lat' dir='ltr'>operum</span> <span class='ocrx_word' id='word_1_60' title='bbox 348 1148 452 1206; x_wconf 88' lang='lat' dir='ltr'>custos,</span> <span class='ocrx_word' id='word_1_61' title='bbox 468 1133 553 1192; x_wconf 91' lang='lat' dir='ltr'>illum</span> <span class='ocrx_word' id='word_1_62' title='bbox 568 1132 747 1190; x_wconf 88' lang='lat' dir='ltr'>admirantur</span> <span class='ocrx_word' id='word_1_63' title='bbox 762 1146 791 1191; x_wconf 90' lang='lat' dir='ltr'>et</span> <span class='ocrx_word' id='word_1_64' title='bbox 805 1151 904 1192; x_wconf 87' lang='lat' dir='ltr'>omnes</span> 
     </span>
     <span class='ocr_line' id='line_1_11' title="bbox 146 1212 940 1292; baseline -0.001 -19"><span class='ocrx_word' id='word_1_65' title='bbox 146 1215 333 1292; x_wconf 82' lang='lat' dir='ltr'>circumstant</span> <span class='ocrx_word' id='word_1_66' title='bbox 348 1214 465 1273; x_wconf 88' lang='lat' dir='ltr'>fremitu</span> <span class='ocrx_word' id='word_1_67' title='bbox 480 1213 570 1271; x_wconf 89' lang='lat' dir='ltr'>denso</span> <span class='ocrx_word' id='word_1_68' title='bbox 586 1212 751 1290; x_wconf 80' lang='lat' dir='ltr'>stipantque</span> <span class='ocrx_word' id='word_1_69' title='bbox 765 1212 940 1292; x_wconf 87' lang='lat' dir='ltr'>frequentes,</span> 
     </span>
     <span class='ocr_line' id='line_1_12' title="bbox 146 1293 818 1373; baseline -0.007 -19"><span class='ocrx_word' id='word_1_70' title='bbox 146 1311 175 1354; x_wconf 91' lang='lat' dir='ltr'>et</span> <span class='ocrx_word' id='word_1_71' title='bbox 189 1316 274 1373; x_wconf 89' lang='lat' dir='ltr'>saepe</span> <span class='ocrx_word' id='word_1_72' title='bbox 289 1295 428 1354; x_wconf 89' lang='lat' dir='ltr'>attollunt</span> <span class='ocrx_word' id='word_1_73' title='bbox 443 1294 548 1353; x_wconf 88' lang='lat' dir='ltr'>umeris</span> <span class='ocrx_word' id='word_1_74' title='bbox 564 1308 594 1352; x_wconf 90' lang='lat' dir='ltr'>et</span> <span class='ocrx_word' id='word_1_75' title='bbox 608 1313 727 1371; x_wconf 91' lang='lat' dir='ltr'>corpora</span> <span class='ocrx_word' id='word_1_76' title='bbox 739 1293 818 1352; x_wconf 91' lang='lat' dir='ltr'>bello</span> 
     </span>
     <span class='ocr_line' id='line_1_13' title="bbox 146 1374 985 1453; baseline -0.002 -19"><span class='ocrx_word' id='word_1_77' title='bbox 146 1375 294 1435; x_wconf 89' lang='lat' dir='ltr'>obiectant</span> <span class='ocrx_word' id='word_1_78' title='bbox 306 1377 517 1453; x_wconf 87' lang='lat' dir='ltr'>pulchramque</span> <span class='ocrx_word' id='word_1_79' title='bbox 531 1389 638 1452; x_wconf 90' lang='lat' dir='ltr'>petunt</span> <span class='ocrx_word' id='word_1_80' title='bbox 652 1394 705 1452; x_wconf 91' lang='lat' dir='ltr'>per</span> <span class='ocrx_word' id='word_1_81' title='bbox 718 1374 838 1432; x_wconf 82' lang='lat' dir='ltr'>vulnera</span> <span class='ocrx_word' id='word_1_82' title='bbox 853 1389 985 1434; x_wconf 86' lang='lat' dir='ltr'>mortem.</span> 
     </span>
     <span class='ocr_line' id='line_1_14' title="bbox 185 1454 912 1534; baseline 0 -20"><span class='ocrx_word' id='word_1_83' title='bbox 185 1456 229 1514; x_wconf 90' lang='lat' dir='ltr'>his</span> <span class='ocrx_word' id='word_1_84' title='bbox 244 1456 363 1534; x_wconf 91' lang='lat' dir='ltr'>quidam</span> <span class='ocrx_word' id='word_1_85' title='bbox 377 1455 465 1532; x_wconf 85' lang='lat' dir='ltr'>signis</span> <span class='ocrx_word' id='word_1_86' title='bbox 480 1470 567 1534; x_wconf 87' lang='lat' dir='ltr'>atque</span> <span class='ocrx_word' id='word_1_87' title='bbox 582 1456 654 1513; x_wconf 91' lang='lat' dir='ltr'>haec</span> <span class='ocrx_word' id='word_1_88' title='bbox 672 1455 806 1532; x_wconf 84' lang='lat' dir='ltr'>exempla</span> <span class='ocrx_word' id='word_1_89' title='bbox 820 1454 912 1514; x_wconf 89' lang='lat' dir='ltr'>secuti</span> 
     </span>
     <span class='ocr_line' id='line_1_15' title="bbox 146 1535 1014 1615; baseline -0.001 -20"><span class='ocrx_word' id='word_1_90' title='bbox 146 1558 204 1595; x_wconf 92' lang='lat' dir='ltr'>esse</span> <span class='ocrx_word' id='word_1_91' title='bbox 219 1537 321 1615; x_wconf 88' lang='lat' dir='ltr'>apibus</span> <span class='ocrx_word' id='word_1_92' title='bbox 335 1553 447 1614; x_wconf 89' lang='lat' dir='ltr'>partem</span> <span class='ocrx_word' id='word_1_93' title='bbox 461 1537 578 1595; x_wconf 89' lang='lat' dir='ltr'>divinae</span> <span class='ocrx_word' id='word_1_94' title='bbox 594 1535 699 1594; x_wconf 90' lang='lat' dir='ltr'>mentis</span> <span class='ocrx_word' id='word_1_95' title='bbox 715 1550 744 1594; x_wconf 92' lang='lat' dir='ltr'>et</span> <span class='ocrx_word' id='word_1_96' title='bbox 757 1537 876 1593; x_wconf 86' lang='lat' dir='ltr'>haustus</span> <span class='ocrx_word' id='word_1_97' title='bbox 913 1575 917 1588; x_wconf 83' lang='lat'><em>.</em></span> <span class='ocrx_word' id='word_1_98' title='bbox 976 1565 1014 1594; x_wconf 75' lang='lat' dir='ltr'>rao</span> 
     </span>
     <span class='ocr_line' id='line_1_16' title="bbox 147 1616 911 1694; baseline -0.003 -18"><span class='ocrx_word' id='word_1_99' title='bbox 147 1618 288 1677; x_wconf 89' lang='lat' dir='ltr'>aetherios</span> <span class='ocrx_word' id='word_1_100' title='bbox 302 1618 401 1676; x_wconf 84' lang='lat' dir='ltr'>dixere</span> <span class='ocrx_word' id='word_1_101' title='bbox 414 1643 423 1689; x_wconf 92' lang='lat'>;</span> <span class='ocrx_word' id='word_1_102' title='bbox 444 1618 533 1676; x_wconf 89' lang='lat' dir='ltr'>deum</span> <span class='ocrx_word' id='word_1_103' title='bbox 548 1637 675 1694; x_wconf 89' lang='lat' dir='ltr'>namque</span> <span class='ocrx_word' id='word_1_104' title='bbox 689 1616 730 1674; x_wconf 92' lang='lat' dir='ltr'>ire</span> <span class='ocrx_word' id='word_1_105' title='bbox 743 1636 797 1693; x_wconf 91' lang='lat' dir='ltr'>per</span> <span class='ocrx_word' id='word_1_106' title='bbox 810 1636 911 1674; x_wconf 89' lang='lat' dir='ltr'>omnes</span> 
     </span>
     <span class='ocr_line' id='line_1_17' title="bbox 147 1696 972 1778; baseline -0.001 -22"><span class='ocrx_word' id='word_1_107' title='bbox 147 1713 289 1776; x_wconf 90' lang='lat' dir='ltr'>terrasque</span> <span class='ocrx_word' id='word_1_108' title='bbox 305 1713 472 1778; x_wconf 90' lang='lat' dir='ltr'>tractusque</span> <span class='ocrx_word' id='word_1_109' title='bbox 488 1697 572 1757; x_wconf 90' lang='lat' dir='ltr'>maris</span> <span class='ocrx_word' id='word_1_110' title='bbox 588 1697 759 1775; x_wconf 89' lang='lat' dir='ltr'>caelumque</span> <span class='ocrx_word' id='word_1_111' title='bbox 772 1696 972 1774; x_wconf 72' lang='lat' dir='ltr'>profundum</span> 
     </span>
     <span class='ocr_line' id='line_1_18' title="bbox 146 1777 975 1858; baseline -0.004 -19"><span class='ocrx_word' id='word_1_112' title='bbox 146 1781 215 1838; x_wconf 92' lang='lat' dir='ltr'>hinc</span> <span class='ocrx_word' id='word_1_113' title='bbox 229 1780 366 1858; x_wconf 90' lang='lat' dir='ltr'>pecudes,</span> <span class='ocrx_word' id='word_1_114' title='bbox 383 1795 520 1850; x_wconf 90' lang='lat' dir='ltr'>armenta,</span> <span class='ocrx_word' id='word_1_115' title='bbox 536 1778 619 1850; x_wconf 89' lang='lat' dir='ltr'>viros,</span> <span class='ocrx_word' id='word_1_116' title='bbox 635 1797 723 1854; x_wconf 84' lang='lat' dir='ltr'>genus</span> <span class='ocrx_word' id='word_1_117' title='bbox 738 1796 824 1835; x_wconf 89' lang='lat' dir='ltr'>omne</span> <span class='ocrx_word' id='word_1_118' title='bbox 840 1777 975 1849; x_wconf 85' lang='lat' dir='ltr'>ferarum,</span> 
     </span>
     <span class='ocr_line' id='line_1_19' title="bbox 147 1857 925 1940; baseline -0.004 -21"><span class='ocrx_word' id='word_1_119' title='bbox 147 1873 291 1940; x_wconf 82' lang='lat' dir='ltr'>quemque</span> <span class='ocrx_word' id='word_1_120' title='bbox 306 1860 359 1918; x_wconf 88' lang='lat' dir='ltr'>sibi</span> <span class='ocrx_word' id='word_1_121' title='bbox 376 1875 477 1918; x_wconf 89' lang='lat' dir='ltr'>tenues</span> <span class='ocrx_word' id='word_1_122' title='bbox 493 1873 663 1917; x_wconf 88' lang='lat' dir='ltr'>nascentem</span> <span class='ocrx_word' id='word_1_123' title='bbox 677 1877 818 1916; x_wconf 85' lang='lat' dir='ltr'>arcessere</span> <span class='ocrx_word' id='word_1_124' title='bbox 832 1857 925 1930; x_wconf 84' lang='lat' dir='ltr'>vitas;</span> 
     </span>
     <span class='ocr_line' id='line_1_20' title="bbox 148 1937 847 2000; baseline -0.006 0"><span class='ocrx_word' id='word_1_125' title='bbox 148 1940 258 2000; x_wconf 90' lang='lat' dir='ltr'>scilicet</span> <span class='ocrx_word' id='word_1_126' title='bbox 270 1943 329 2000; x_wconf 92' lang='lat' dir='ltr'>huc</span> <span class='ocrx_word' id='word_1_127' title='bbox 344 1940 426 1999; x_wconf 91' lang='lat' dir='ltr'>reddi</span> <span class='ocrx_word' id='word_1_128' title='bbox 442 1939 547 1998; x_wconf 89' lang='lat' dir='ltr'>deinde</span> <span class='ocrx_word' id='word_1_129' title='bbox 563 1960 595 1998; x_wconf 88' lang='lat' dir='ltr'>ac</span> <span class='ocrx_word' id='word_1_130' title='bbox 610 1939 735 1997; x_wconf 90' lang='lat' dir='ltr'>resoluta</span> <span class='ocrx_word' id='word_1_131' title='bbox 749 1937 847 1996; x_wconf 88' lang='lat' dir='ltr'>referri</span> 
     </span>
     <span class='ocr_line' id='line_1_21' title="bbox 147 2019 876 2094; baseline -0.003 -14"><span class='ocrx_word' id='word_1_132' title='bbox 147 2021 254 2094; x_wconf 89' lang='lat' dir='ltr'>omnia,</span> <span class='ocrx_word' id='word_1_133' title='bbox 269 2042 324 2081; x_wconf 85' lang='lat' dir='ltr'>nec</span> <span class='ocrx_word' id='word_1_134' title='bbox 339 2021 426 2080; x_wconf 90' lang='lat' dir='ltr'>morti</span> <span class='ocrx_word' id='word_1_135' title='bbox 442 2042 500 2079; x_wconf 89' lang='lat' dir='ltr'>esse</span> <span class='ocrx_word' id='word_1_136' title='bbox 515 2021 623 2090; x_wconf 87' lang='lat' dir='ltr'>locum,</span> <span class='ocrx_word' id='word_1_137' title='bbox 638 2019 687 2078; x_wconf 91' lang='lat' dir='ltr'>sed</span> <span class='ocrx_word' id='word_1_138' title='bbox 701 2019 765 2078; x_wconf 86' lang='lat' dir='ltr'>viva</span> <span class='ocrx_word' id='word_1_139' title='bbox 780 2019 876 2078; x_wconf 88' lang='lat' dir='ltr'>volare</span> 
     </span>
     <span class='ocr_line' id='line_1_22' title="bbox 147 2099 912 2179; baseline -0.003 -18"><span class='ocrx_word' id='word_1_140' title='bbox 147 2103 244 2162; x_wconf 89' lang='lat' dir='ltr'>sideris</span> <span class='ocrx_word' id='word_1_141' title='bbox 258 2102 289 2160; x_wconf 91' lang='lat' dir='ltr'>in</span> <span class='ocrx_word' id='word_1_142' title='bbox 305 2122 459 2161; x_wconf 88' lang='lat' dir='ltr'>numerum</span> <span class='ocrx_word' id='word_1_143' title='bbox 475 2116 562 2179; x_wconf 91' lang='lat' dir='ltr'>atque</span> <span class='ocrx_word' id='word_1_144' title='bbox 577 2101 635 2159; x_wconf 90' lang='lat' dir='ltr'>alto</span> <span class='ocrx_word' id='word_1_145' title='bbox 650 2100 805 2160; x_wconf 87' lang='lat' dir='ltr'>succedere</span> <span class='ocrx_word' id='word_1_146' title='bbox 820 2099 912 2160; x_wconf 90' lang='lat' dir='ltr'>caelo.</span> 
     </span>
     <span class='ocr_line' id='line_1_23' title="bbox 185 2181 898 2262; baseline -0.007 -19"><span class='ocrx_word' id='word_1_147' title='bbox 185 2184 208 2242; x_wconf 89' lang='lat' dir='ltr'>si</span> <span class='ocrx_word' id='word_1_148' title='bbox 224 2184 339 2262; x_wconf 89' lang='lat' dir='ltr'>quando</span> <span class='ocrx_word' id='word_1_149' title='bbox 353 2183 450 2242; x_wconf 89' lang='lat' dir='ltr'>sedem</span> <span class='ocrx_word' id='word_1_150' title='bbox 466 2197 615 2259; x_wconf 85' lang='lat' dir='ltr'>angustam</span> <span class='ocrx_word' id='word_1_151' title='bbox 630 2197 794 2258; x_wconf 89' lang='lat' dir='ltr'>servataque</span> <span class='ocrx_word' id='word_1_152' title='bbox 810 2181 898 2239; x_wconf 89' lang='lat' dir='ltr'>mella</span> 
     </span>
     <span class='ocr_line' id='line_1_24' title="bbox 147 2263 900 2341; baseline -0.004 -18"><span class='ocrx_word' id='word_1_153' title='bbox 147 2265 284 2324; x_wconf 87' lang='lat' dir='ltr'>thesauris</span> <span class='ocrx_word' id='word_1_154' title='bbox 299 2264 415 2337; x_wconf 89' lang='lat' dir='ltr'>relines‚</span> <span class='ocrx_word' id='word_1_155' title='bbox 430 2263 509 2341; x_wconf 87' lang='lat' dir='ltr'>prius</span> <span class='ocrx_word' id='word_1_156' title='bbox 523 2264 626 2321; x_wconf 90' lang='lat' dir='ltr'>haustu</span> <span class='ocrx_word' id='word_1_157' title='bbox 641 2281 748 2338; x_wconf 87' lang='lat' dir='ltr'>sparsus</span> <span class='ocrx_word' id='word_1_158' title='bbox 763 2281 900 2338; x_wconf 84' lang='lat' dir='ltr'>aquarum</span> 
     </span>
     <span class='ocr_line' id='line_1_25' title="bbox 147 2341 1013 2423; baseline -0.007 -19"><span class='ocrx_word' id='word_1_159' title='bbox 147 2367 195 2404; x_wconf 89' lang='lat' dir='ltr'>ora</span> <span class='ocrx_word' id='word_1_160' title='bbox 209 2346 277 2404; x_wconf 87' lang='lat' dir='ltr'>fove</span> <span class='ocrx_word' id='word_1_161' title='bbox 291 2345 445 2423; x_wconf 87' lang='lat' dir='ltr'>fumosque</span> <span class='ocrx_word' id='word_1_162' title='bbox 460 2364 548 2402; x_wconf 84' lang='lat' dir='ltr'>manu</span> <span class='ocrx_word' id='word_1_163' title='bbox 562 2341 720 2420; x_wconf 88' lang='lat' dir='ltr'>praetende</span> <span class='ocrx_word' id='word_1_164' title='bbox 735 2361 880 2418; x_wconf 88' lang='lat' dir='ltr'>sequaces.</span> <span class='ocrx_word' id='word_1_165' title='bbox 974 2369 1013 2409; x_wconf 62' lang='grc' dir='ltr'><strong>ψ</strong></span> 
     </span>
     <span class='ocr_line' id='line_1_26' title="bbox 146 2421 890 2502; baseline -0.009 -17"><span class='ocrx_word' id='word_1_166' title='bbox 146 2427 188 2485; x_wconf 91' lang='lat' dir='ltr'>bis</span> <span class='ocrx_word' id='word_1_167' title='bbox 202 2426 331 2502; x_wconf 86' lang='lat' dir='ltr'>gravidos</span> <span class='ocrx_word' id='word_1_168' title='bbox 345 2441 453 2501; x_wconf 84' lang='lat' dir='ltr'>cogunt</span> <span class='ocrx_word' id='word_1_169' title='bbox 468 2425 554 2495; x_wconf 87' lang='lat' dir='ltr'>fetus,</span> <span class='ocrx_word' id='word_1_170' title='bbox 567 2423 626 2482; x_wconf 92' lang='lat' dir='ltr'>duo</span> <span class='ocrx_word' id='word_1_171' title='bbox 641 2438 770 2499; x_wconf 88' lang='lat' dir='ltr'>tempora</span> <span class='ocrx_word' id='word_1_172' title='bbox 785 2421 890 2493; x_wconf 89' lang='lat' dir='ltr'>messis,</span> 
     </span>
     <span class='ocr_line' id='line_1_27' title="bbox 148 2503 831 2584; baseline -0.01 -18"><span class='ocrx_word' id='word_1_173' title='bbox 148 2507 279 2584; x_wconf 63' lang='lat' dir='ltr'>Taigete</span> <span class='ocrx_word' id='word_1_174' title='bbox 294 2506 379 2565; x_wconf 91' lang='lat' dir='ltr'>simul</span> <span class='ocrx_word' id='word_1_175' title='bbox 394 2527 424 2565; x_wconf 89' lang='lat' dir='ltr'>os</span> <span class='ocrx_word' id='word_1_176' title='bbox 439 2505 521 2564; x_wconf 91' lang='lat' dir='ltr'>terris</span> <span class='ocrx_word' id='word_1_177' title='bbox 536 2503 663 2562; x_wconf 89' lang='lat' dir='ltr'>ostendit</span> <span class='ocrx_word' id='word_1_178' title='bbox 676 2505 831 2560; x_wconf 90' lang='lat' dir='ltr'>honestum</span> 
     </span>
     <span class='ocr_line' id='line_1_28' title="bbox 148 2583 884 2665; baseline -0.008 -19"><span class='ocrx_word' id='word_1_179' title='bbox 148 2587 231 2660; x_wconf 88' lang='lat' dir='ltr'>Plias,</span> <span class='ocrx_word' id='word_1_180' title='bbox 248 2603 277 2646; x_wconf 93' lang='lat' dir='ltr'>et</span> <span class='ocrx_word' id='word_1_181' title='bbox 292 2587 406 2646; x_wconf 88' lang='lat' dir='ltr'>Oceani</span> <span class='ocrx_word' id='word_1_182' title='bbox 422 2601 531 2665; x_wconf 88' lang='lat' dir='ltr'>spretos</span> <span class='ocrx_word' id='word_1_183' title='bbox 544 2585 619 2663; x_wconf 90' lang='lat' dir='ltr'>pede</span> <span class='ocrx_word' id='word_1_184' title='bbox 634 2583 761 2661; x_wconf 91' lang='lat' dir='ltr'>reppulit</span> <span class='ocrx_word' id='word_1_185' title='bbox 777 2601 884 2652; x_wconf 86' lang='lat' dir='ltr'>amnes,</span> 
     </span>
     <span class='ocr_line' id='line_1_29' title="bbox 147 2663 812 2743; baseline -0.011 -16"><span class='ocrx_word' id='word_1_186' title='bbox 147 2684 195 2727; x_wconf 83' lang='lat' dir='ltr'>aut</span> <span class='ocrx_word' id='word_1_187' title='bbox 210 2669 311 2728; x_wconf 87' lang='lat' dir='ltr'>eadem</span> <span class='ocrx_word' id='word_1_188' title='bbox 325 2668 401 2726; x_wconf 89' lang='lat' dir='ltr'>sidus</span> <span class='ocrx_word' id='word_1_189' title='bbox 416 2667 529 2743; x_wconf 85' lang='lat' dir='ltr'>fugiens</span> <span class='ocrx_word' id='word_1_190' title='bbox 545 2666 594 2725; x_wconf 90' lang='lat' dir='ltr'>ubi</span> <span class='ocrx_word' id='word_1_191' title='bbox 611 2665 699 2724; x_wconf 88' lang='lat' dir='ltr'>Piscis</span> <span class='ocrx_word' id='word_1_192' title='bbox 714 2663 812 2742; x_wconf 91' lang='lat' dir='ltr'>aquosi</span> 
     </span>
     <span class='ocr_line' id='line_1_30' title="bbox 146 2744 821 2826; baseline -0.006 -20"><span class='ocrx_word' id='word_1_193' title='bbox 146 2749 254 2807; x_wconf 90' lang='lat' dir='ltr'>tristior</span> <span class='ocrx_word' id='word_1_194' title='bbox 267 2749 401 2808; x_wconf 87' lang='lat' dir='ltr'>hibernas</span> <span class='ocrx_word' id='word_1_195' title='bbox 416 2748 496 2826; x_wconf 82' lang='lat' dir='ltr'>caelo</span> <span class='ocrx_word' id='word_1_196' title='bbox 510 2746 661 2806; x_wconf 90' lang='lat' dir='ltr'>descendit</span> <span class='ocrx_word' id='word_1_197' title='bbox 676 2745 707 2802; x_wconf 91' lang='lat' dir='ltr'>in</span> <span class='ocrx_word' id='word_1_198' title='bbox 722 2744 821 2802; x_wconf 87' lang='lat' dir='ltr'>undas.</span> 
     </span>
     <span class='ocr_line' id='line_1_31' title="bbox 146 2827 883 2907; baseline -0.008 -21"><span class='ocrx_word' id='word_1_199' title='bbox 146 2829 203 2887; x_wconf 89' lang='lat' dir='ltr'>illis</span> <span class='ocrx_word' id='word_1_200' title='bbox 215 2829 257 2887; x_wconf 90' lang='lat' dir='ltr'>ira</span> <span class='ocrx_word' id='word_1_201' title='bbox 270 2829 390 2888; x_wconf 90' lang='lat' dir='ltr'>modum</span> <span class='ocrx_word' id='word_1_202' title='bbox 405 2848 488 2907; x_wconf 90' lang='lat' dir='ltr'>supra</span> <span class='ocrx_word' id='word_1_203' title='bbox 504 2843 555 2900; x_wconf 90' lang='lat' dir='ltr'>est,</span> <span class='ocrx_word' id='word_1_204' title='bbox 571 2827 722 2903; x_wconf 87' lang='lat' dir='ltr'>laesaeque</span> <span class='ocrx_word' id='word_1_205' title='bbox 736 2841 883 2883; x_wconf 87' lang='lat' dir='ltr'>venenum</span> 
     </span>
     <span class='ocr_line' id='line_1_32' title="bbox 146 2905 892 2987; baseline -0.009 -19"><span class='ocrx_word' id='word_1_206' title='bbox 146 2910 286 2968; x_wconf 89' lang='lat' dir='ltr'>morsibus</span> <span class='ocrx_word' id='word_1_207' title='bbox 300 2910 440 2987; x_wconf 88' lang='lat' dir='ltr'>inspirant</span> <span class='ocrx_word' id='word_1_208' title='bbox 455 2923 484 2968; x_wconf 91' lang='lat' dir='ltr'>et</span> <span class='ocrx_word' id='word_1_209' title='bbox 499 2908 609 2987; x_wconf 87' lang='lat' dir='ltr'>spicula</span> <span class='ocrx_word' id='word_1_210' title='bbox 618 2927 709 2966; x_wconf 89' lang='lat' dir='ltr'>caeca</span> <span class='ocrx_word' id='word_1_211' title='bbox 723 2905 892 2982; x_wconf 89' lang='lat' dir='ltr'>relinquunt</span> 
     </span>
     <span class='ocr_line' id='line_1_33' title="bbox 145 2988 864 3067; baseline -0.006 -19"><span class='ocrx_word' id='word_1_212' title='bbox 145 2990 257 3049; x_wconf 82' lang='lat' dir='ltr'>adfixae</span> <span class='ocrx_word' id='word_1_213' title='bbox 271 2991 361 3064; x_wconf 88' lang='lat' dir='ltr'>venis,</span> <span class='ocrx_word' id='word_1_214' title='bbox 377 2990 544 3067; x_wconf 88' lang='lat' dir='ltr'>animasque</span> <span class='ocrx_word' id='word_1_215' title='bbox 560 2989 591 3046; x_wconf 92' lang='lat' dir='ltr'>in</span> <span class='ocrx_word' id='word_1_216' title='bbox 605 2988 725 3046; x_wconf 86' lang='lat' dir='ltr'>vulnere</span> <span class='ocrx_word' id='word_1_217' title='bbox 739 2989 864 3064; x_wconf 82' lang='lat' dir='ltr'>ponunt.</span> 
     </span>
     <span class='ocr_line' id='line_1_34' title="bbox 146 3066 856 3146; baseline -0.008 -18"><span class='ocrx_word' id='word_1_218' title='bbox 146 3069 188 3128; x_wconf 90' lang='lat' dir='ltr'>sin</span> <span class='ocrx_word' id='word_1_219' title='bbox 205 3069 305 3130; x_wconf 86' lang='lat' dir='ltr'>duram</span> <span class='ocrx_word' id='word_1_220' title='bbox 319 3086 431 3130; x_wconf 87' lang='lat' dir='ltr'>metues</span> <span class='ocrx_word' id='word_1_221' title='bbox 444 3071 572 3128; x_wconf 89' lang='lat' dir='ltr'>hiemem</span> <span class='ocrx_word' id='word_1_222' title='bbox 588 3087 743 3146; x_wconf 89' lang='lat' dir='ltr'>parcesque</span> <span class='ocrx_word' id='word_1_223' title='bbox 758 3066 856 3124; x_wconf 87' lang='lat' dir='ltr'>futuro</span> 
     </span>
     <span class='ocr_line' id='line_1_35' title="bbox 146 3146 1010 3231; baseline -0.009 -20"><span class='ocrx_word' id='word_1_224' title='bbox 146 3153 360 3231; x_wconf 85' lang='lat' dir='ltr'>contunsosque</span> <span class='ocrx_word' id='word_1_225' title='bbox 375 3151 486 3210; x_wconf 87' lang='lat' dir='ltr'>animos</span> <span class='ocrx_word' id='word_1_226' title='bbox 500 3165 530 3209; x_wconf 90' lang='lat' dir='ltr'>et</span> <span class='ocrx_word' id='word_1_227' title='bbox 543 3170 586 3208; x_wconf 91' lang='lat' dir='ltr'>res</span> <span class='ocrx_word' id='word_1_228' title='bbox 602 3147 770 3207; x_wconf 91' lang='lat' dir='ltr'>miserabere</span> <span class='ocrx_word' id='word_1_229' title='bbox 786 3146 895 3219; x_wconf 84' lang='lat' dir='ltr'>fractas,</span> <span class='ocrx_word' id='word_1_230' title='bbox 971 3173 1010 3213; x_wconf 72' lang='grc' dir='ltr'>ιφ</span> 
     </span>
     <span class='ocr_line' id='line_1_36' title="bbox 146 3228 805 3310; baseline -0.011 -18"><span class='ocrx_word' id='word_1_231' title='bbox 146 3249 173 3292; x_wconf 82' lang='lat' dir='ltr'>at</span> <span class='ocrx_word' id='word_1_232' title='bbox 188 3233 282 3292; x_wconf 89' lang='lat' dir='ltr'>suffire</span> <span class='ocrx_word' id='word_1_233' title='bbox 297 3235 398 3310; x_wconf 85' lang='lat' dir='ltr'>thymo</span> <span class='ocrx_word' id='word_1_234' title='bbox 413 3251 547 3310; x_wconf 90' lang='lat' dir='ltr'>cerasque</span> <span class='ocrx_word' id='word_1_235' title='bbox 562 3229 690 3288; x_wconf 90' lang='lat' dir='ltr'>recidere</span> <span class='ocrx_word' id='word_1_236' title='bbox 705 3228 805 3286; x_wconf 90' lang='lat' dir='ltr'>inanes</span> 
     </span>
    </p>
   </div>
   <div class='ocr_carea' id='block_1_3' title="bbox 160 3335 950 3465">
    <p class='ocr_par' dir='ltr' id='par_1_3' title="bbox 160 3335 950 3465">
     <span class='ocr_line' id='line_1_37' title="bbox 160 3335 950 3402; baseline -0.011 -13"><span class='ocrx_word' id='word_1_237' title='bbox 160 3339 208 3388; x_wconf 87' lang='grc'>228</span> <span class='ocrx_word' id='word_1_238' title='bbox 226 3347 357 3401; x_wconf 78' lang='lat' dir='ltr'>augustam.</span> <span class='ocrx_word' id='word_1_239' title='bbox 391 3353 439 3402; x_wconf 83' lang='lat'>230</span> <span class='ocrx_word' id='word_1_240' title='bbox 456 3354 494 3386; x_wconf 92' lang='lat' dir='ltr'>ore</span> <span class='ocrx_word' id='word_1_241' title='bbox 505 3339 565 3384; x_wconf 79' lang='lat' dir='ltr'>fave.</span> <span class='ocrx_word' id='word_1_242' title='bbox 599 3349 645 3397; x_wconf 84' lang='lat'>231</span> <span class='ocrx_word' id='word_1_243' title='bbox 664 3335 738 3384; x_wconf 83' lang='lat' dir='ltr'>flores.</span> <span class='ocrx_word' id='word_1_244' title='bbox 772 3348 819 3397; x_wconf 79' lang='lat'>²39</span> <span class='ocrx_word' id='word_1_245' title='bbox 837 3341 950 3382; x_wconf 84' lang='lat' dir='ltr'>metuens.</span> 
     </span>
     <span class='ocr_line' id='line_1_38' title="bbox 426 3400 699 3465; baseline -0.004 -15"><span class='ocrx_word' id='word_1_246' title='bbox 426 3417 471 3464; x_wconf 90' lang='lat'>241</span> <span class='ocrx_word' id='word_1_247' title='bbox 490 3400 586 3450; x_wconf 79' lang='lat' dir='ltr'>aufferre</span> <span class='ocrx_word' id='word_1_248' title='bbox 596 3400 699 3465; x_wconf 81' lang='lat' dir='ltr'>thymos.</span> 
     </span>
    </p>
   </div>
   <div class='ocr_carea' id='block_1_4' title="bbox 547 3487 566 3524">
    <p class='ocr_par' dir='ltr' id='par_1_4' title="bbox 547 3487 566 3524">
     <span class='ocr_line' id='line_1_39' title="bbox 547 3487 566 3524; baseline 0 0"><span class='ocrx_word' id='word_1_249' title='bbox 547 3487 566 3524; x_wconf 88' lang='lat' dir='ltr'>G</span> 
     </span>
    </p>
   </div>
   <div class='ocr_carea' id='block_1_5' title="bbox 0 0 1284 4112">
    <p class='ocr_par' dir='ltr' id='par_1_5' title="bbox 0 0 1284 4112">
     <span class='ocr_line' id='line_1_40' title="bbox 0 0 1284 4112; baseline 0 0"><span class='ocrx_word' id='word_1_250' title='bbox 0 0 1284 4112; x_wconf 95' lang='lat' dir='ltr'> </span> 
     </span>
    </p>
   </div>
  </div>
 </body>
</html>
