<?xml version="1.0" encoding="UTF-8"?>
<!DOCTYPE html PUBLIC "-//W3C//DTD XHTML 1.0 Transitional//EN"
    "http://www.w3.org/TR/xhtml1/DTD/xhtml1-transitional.dtd">
<html xmlns="http://www.w3.org/1999/xhtml" xml:lang="en" lang="en">
 <head>
  <title>
</title>
<meta http-equiv="Content-Type" content="text/html;charset=utf-8" />
  <meta name='ocr-system' content='tesseract 3.04.00' />
  <meta name='ocr-capabilities' content='ocr_page ocr_carea ocr_par ocr_line ocrx_word'/>
</head>
<body>
  <div class='ocr_page' id='page_1' title='image "./bucolicageorgic05virggoog/bucolicageorgic05virggoog_0053.png"; bbox 0 0 2556 4116; ppageno 0'>
   <div class='ocr_carea' id='block_1_1' title="bbox 245 368 1046 422">
    <p class='ocr_par' dir='ltr' id='par_1_1' title="bbox 245 368 1046 422">
     <span class='ocr_line' id='line_1_1' title="bbox 245 368 1046 422; baseline 0.006 -6"><span class='ocrx_word' id='word_1_1' title='bbox 245 369 277 416; x_wconf 83' lang='lat'>26</span> <span class='ocrx_word' id='word_1_2' title='bbox 343 370 371 418; x_wconf 89' lang='lat' dir='ltr'>P.</span> <span class='ocrx_word' id='word_1_3' title='bbox 389 369 532 418; x_wconf 88' lang='lat' dir='ltr'>VERGILI</span> <span class='ocrx_word' id='word_1_4' title='bbox 551 368 710 418; x_wconf 88' lang='lat' dir='ltr'>MARONIS</span> <span class='ocrx_word' id='word_1_5' title='bbox 728 371 915 420; x_wconf 85' lang='lat' dir='ltr'>BUCOLICA:</span> <span class='ocrx_word' id='word_1_6' title='bbox 934 373 1004 422; x_wconf 87' lang='lat' dir='ltr'><strong>ECL.</strong></span> <span class='ocrx_word' id='word_1_7' title='bbox 1022 375 1046 421; x_wconf 87' lang='lat' dir='ltr'>X</span> 
     </span>
    </p>
   </div>
   <div class='ocr_carea' id='block_1_2' title="bbox 208 498 1154 2025">
    <p class='ocr_par' dir='ltr' id='par_1_2' title="bbox 283 498 1154 901">
     <span class='ocr_line' id='line_1_2' title="bbox 284 498 1019 578; baseline 0.007 -23"><span class='ocrx_word' id='word_1_8' title='bbox 284 519 308 568; x_wconf 89' lang='lat' dir='ltr'>a,</span> <span class='ocrx_word' id='word_1_9' title='bbox 325 498 377 557; x_wconf 93' lang='lat' dir='ltr'>tibi</span> <span class='ocrx_word' id='word_1_10' title='bbox 393 518 430 556; x_wconf 91' lang='lat' dir='ltr'>ne</span> <span class='ocrx_word' id='word_1_11' title='bbox 445 513 555 557; x_wconf 90' lang='lat' dir='ltr'>teneras</span> <span class='ocrx_word' id='word_1_12' title='bbox 570 498 674 574; x_wconf 82' lang='lat' dir='ltr'>glacies</span> <span class='ocrx_word' id='word_1_13' title='bbox 690 515 766 559; x_wconf 88' lang='lat' dir='ltr'>secet</span> <span class='ocrx_word' id='word_1_14' title='bbox 781 521 875 578; x_wconf 92' lang='lat' dir='ltr'>aspera</span> <span class='ocrx_word' id='word_1_15' title='bbox 888 501 1019 578; x_wconf 77' lang='lat' dir='ltr'>plantas!</span> 
     </span>
     <span class='ocr_line' id='line_1_3' title="bbox 283 578 1154 658; baseline 0.005 -20"><span class='ocrx_word' id='word_1_16' title='bbox 283 578 340 651; x_wconf 93' lang='lat' dir='ltr'>ibo,</span> <span class='ocrx_word' id='word_1_17' title='bbox 357 595 386 638; x_wconf 93' lang='lat' dir='ltr'>et</span> <span class='ocrx_word' id='word_1_18' title='bbox 401 579 574 638; x_wconf 90' lang='lat' dir='ltr'>Chalcidico</span> <span class='ocrx_word' id='word_1_19' title='bbox 589 601 661 658; x_wconf 90' lang='lat' dir='ltr'>quae</span> <span class='ocrx_word' id='word_1_20' title='bbox 677 597 743 639; x_wconf 89' lang='lat' dir='ltr'>sunt</span> <span class='ocrx_word' id='word_1_21' title='bbox 757 581 828 639; x_wconf 89' lang='lat' dir='ltr'>mihi</span> <span class='ocrx_word' id='word_1_22' title='bbox 845 581 961 640; x_wconf 90' lang='lat' dir='ltr'>condita</span> <span class='ocrx_word' id='word_1_23' title='bbox 975 603 1057 642; x_wconf 89' lang='lat' dir='ltr'>versu</span> <span class='ocrx_word' id='word_1_24' title='bbox 1130 612 1154 650; x_wconf 80' lang='lat'>50</span> 
     </span>
     <span class='ocr_line' id='line_1_4' title="bbox 283 660 946 737; baseline 0.005 -19"><span class='ocrx_word' id='word_1_25' title='bbox 283 660 411 718; x_wconf 90' lang='lat' dir='ltr'>carmina</span> <span class='ocrx_word' id='word_1_26' title='bbox 424 660 540 737; x_wconf 89' lang='lat' dir='ltr'>pastoris</span> <span class='ocrx_word' id='word_1_27' title='bbox 557 661 648 720; x_wconf 91' lang='lat' dir='ltr'>Siculi</span> <span class='ocrx_word' id='word_1_28' title='bbox 664 662 833 721; x_wconf 88' lang='lat' dir='ltr'>modulabor</span> <span class='ocrx_word' id='word_1_29' title='bbox 847 683 946 722; x_wconf 87' lang='lat' dir='ltr'>avena.</span> 
     </span>
     <span class='ocr_line' id='line_1_5' title="bbox 284 741 967 820; baseline 0.006 -22"><span class='ocrx_word' id='word_1_30' title='bbox 284 755 396 799; x_wconf 90' lang='lat' dir='ltr'>certum</span> <span class='ocrx_word' id='word_1_31' title='bbox 412 755 453 798; x_wconf 88' lang='lat' dir='ltr'>est</span> <span class='ocrx_word' id='word_1_32' title='bbox 468 741 498 799; x_wconf 91' lang='lat' dir='ltr'>in</span> <span class='ocrx_word' id='word_1_33' title='bbox 514 741 601 812; x_wconf 90' lang='lat' dir='ltr'>silvis,</span> <span class='ocrx_word' id='word_1_34' title='bbox 617 741 693 800; x_wconf 89' lang='lat' dir='ltr'>inter</span> <span class='ocrx_word' id='word_1_35' title='bbox 708 743 819 820; x_wconf 89' lang='lat' dir='ltr'>spelaea</span> <span class='ocrx_word' id='word_1_36' title='bbox 833 743 967 815; x_wconf 87' lang='lat' dir='ltr'>ferarum,</span> 
     </span>
     <span class='ocr_line' id='line_1_6' title="bbox 284 821 992 901; baseline 0.004 -22"><span class='ocrx_word' id='word_1_37' title='bbox 284 822 369 880; x_wconf 89' lang='lat' dir='ltr'>malle</span> <span class='ocrx_word' id='word_1_38' title='bbox 384 821 455 899; x_wconf 89' lang='lat' dir='ltr'>pati,</span> <span class='ocrx_word' id='word_1_39' title='bbox 470 821 632 901; x_wconf 88' lang='lat' dir='ltr'>tenerisque</span> <span class='ocrx_word' id='word_1_40' title='bbox 648 843 725 881; x_wconf 89' lang='lat' dir='ltr'>meos</span> <span class='ocrx_word' id='word_1_41' title='bbox 740 823 868 882; x_wconf 86' lang='lat' dir='ltr'>incidere</span> <span class='ocrx_word' id='word_1_42' title='bbox 884 843 992 882; x_wconf 86' lang='lat' dir='ltr'>amores</span> 
     </span>
    </p>

    <p class='ocr_par' dir='ltr' id='par_1_3' title="bbox 208 903 1154 2025">
     <span class='ocr_line' id='line_1_7' title="bbox 208 903 981 976; baseline 0.004 -17"><span class='ocrx_word' id='word_1_43' title='bbox 208 921 209 924; x_wconf 69' lang='grc'>’</span> <span class='ocrx_word' id='word_1_44' title='bbox 283 903 449 960; x_wconf 84' lang='lat' dir='ltr'>arboribus:</span> <span class='ocrx_word' id='word_1_45' title='bbox 471 919 601 961; x_wconf 88' lang='lat' dir='ltr'>crescent</span> <span class='ocrx_word' id='word_1_46' title='bbox 616 903 692 974; x_wconf 88' lang='lat' dir='ltr'>illae,</span> <span class='ocrx_word' id='word_1_47' title='bbox 707 904 848 976; x_wconf 77' lang='lat' dir='ltr'>crescatis,</span> <span class='ocrx_word' id='word_1_48' title='bbox 864 925 981 963; x_wconf 90' lang='lat' dir='ltr'>amores.</span> 
     </span>
     <span class='ocr_line' id='line_1_8' title="bbox 270 981 968 1063; baseline 0.006 -23"><span class='ocrx_word' id='word_1_49' title='bbox 270 983 391 1041; x_wconf 81' lang='lat' dir='ltr'>¹interea</span> <span class='ocrx_word' id='word_1_50' title='bbox 405 981 502 1040; x_wconf 80' lang='lat' dir='ltr'>mixtis</span> <span class='ocrx_word' id='word_1_51' title='bbox 518 983 645 1046; x_wconf 84' lang='lat' dir='ltr'>lustrabo</span> <span class='ocrx_word' id='word_1_52' title='bbox 661 985 799 1042; x_wconf 86' lang='lat' dir='ltr'>Maenala</span> <span class='ocrx_word' id='word_1_53' title='bbox 813 985 968 1063; x_wconf 86' lang='lat' dir='ltr'>Nymphis,</span> 
     </span>
     <span class='ocr_line' id='line_1_9' title="bbox 283 1064 1059 1142; baseline 0.004 -20"><span class='ocrx_word' id='word_1_54' title='bbox 283 1080 332 1122; x_wconf 89' lang='lat' dir='ltr'>aut</span> <span class='ocrx_word' id='word_1_55' title='bbox 346 1084 423 1122; x_wconf 87' lang='lat' dir='ltr'>acres</span> <span class='ocrx_word' id='word_1_56' title='bbox 437 1064 562 1122; x_wconf 89' lang='lat' dir='ltr'>venabor</span> <span class='ocrx_word' id='word_1_57' title='bbox 577 1086 666 1142; x_wconf 87' lang='lat' dir='ltr'>apros.</span> <span class='ocrx_word' id='word_1_58' title='bbox 709 1086 768 1124; x_wconf 91' lang='lat' dir='ltr'>non</span> <span class='ocrx_word' id='word_1_59' title='bbox 784 1085 831 1124; x_wconf 91' lang='lat' dir='ltr'>me</span> <span class='ocrx_word' id='word_1_60' title='bbox 846 1067 905 1124; x_wconf 91' lang='lat' dir='ltr'>ulla</span> <span class='ocrx_word' id='word_1_61' title='bbox 917 1066 1059 1125; x_wconf 85' lang='lat' dir='ltr'>vetabunt</span> 
     </span>
     <span class='ocr_line' id='line_1_10' title="bbox 283 1145 1008 1221; baseline 0.006 -19"><span class='ocrx_word' id='word_1_62' title='bbox 283 1145 386 1221; x_wconf 86' lang='lat' dir='ltr'>frigora</span> <span class='ocrx_word' id='word_1_63' title='bbox 401 1145 568 1203; x_wconf 87' lang='lat' dir='ltr'>Parthenios</span> <span class='ocrx_word' id='word_1_64' title='bbox 584 1145 704 1204; x_wconf 87' lang='lat' dir='ltr'>canibus</span> <span class='ocrx_word' id='word_1_65' title='bbox 719 1146 898 1205; x_wconf 89' lang='lat' dir='ltr'>circumdare</span> <span class='ocrx_word' id='word_1_66' title='bbox 912 1147 1008 1206; x_wconf 87' lang='lat' dir='ltr'>saltus.</span> 
     </span>
     <span class='ocr_line' id='line_1_11' title="bbox 283 1225 1006 1306; baseline 0.004 -23"><span class='ocrx_word' id='word_1_67' title='bbox 283 1225 340 1283; x_wconf 90' lang='lat' dir='ltr'>iam</span> <span class='ocrx_word' id='word_1_68' title='bbox 355 1225 426 1283; x_wconf 91' lang='lat' dir='ltr'>mihi</span> <span class='ocrx_word' id='word_1_69' title='bbox 440 1245 492 1303; x_wconf 92' lang='lat' dir='ltr'>per</span> <span class='ocrx_word' id='word_1_70' title='bbox 506 1246 591 1303; x_wconf 88' lang='lat' dir='ltr'>rupes</span> <span class='ocrx_word' id='word_1_71' title='bbox 607 1227 707 1285; x_wconf 87' lang='lat' dir='ltr'>videor</span> <span class='ocrx_word' id='word_1_72' title='bbox 722 1227 859 1306; x_wconf 88' lang='lat' dir='ltr'>lucosque</span> <span class='ocrx_word' id='word_1_73' title='bbox 875 1244 1006 1286; x_wconf 88' lang='lat' dir='ltr'>sonantes</span> 
     </span>
     <span class='ocr_line' id='line_1_12' title="bbox 282 1305 943 1386; baseline 0.005 -23"><span class='ocrx_word' id='word_1_74' title='bbox 282 1306 334 1376; x_wconf 89' lang='lat' dir='ltr'>ire,</span> <span class='ocrx_word' id='word_1_75' title='bbox 349 1305 421 1364; x_wconf 89' lang='lat' dir='ltr'>libet</span> <span class='ocrx_word' id='word_1_76' title='bbox 437 1307 541 1364; x_wconf 87' lang='lat' dir='ltr'>Partho</span> <span class='ocrx_word' id='word_1_77' title='bbox 556 1321 689 1386; x_wconf 89' lang='lat' dir='ltr'>torquere</span> <span class='ocrx_word' id='word_1_78' title='bbox 707 1307 839 1384; x_wconf 91' lang='lat' dir='ltr'>Cydonia</span> <span class='ocrx_word' id='word_1_79' title='bbox 854 1329 943 1367; x_wconf 92' lang='lat' dir='ltr'>cornu</span> 
     </span>
     <span class='ocr_line' id='line_1_13' title="bbox 283 1386 1154 1465; baseline 0.005 -22"><span class='ocrx_word' id='word_1_80' title='bbox 283 1386 581 1465; x_wconf 86' lang='lat' dir='ltr'>spicula-tamquam</span> <span class='ocrx_word' id='word_1_81' title='bbox 596 1389 666 1447; x_wconf 90' lang='lat' dir='ltr'>haec</span> <span class='ocrx_word' id='word_1_82' title='bbox 682 1388 718 1446; x_wconf 89' lang='lat' dir='ltr'>sit</span> <span class='ocrx_word' id='word_1_83' title='bbox 733 1389 821 1447; x_wconf 88' lang='lat' dir='ltr'>nostri</span> <span class='ocrx_word' id='word_1_84' title='bbox 836 1389 981 1448; x_wconf 92' lang='lat' dir='ltr'>medicina</span> <span class='ocrx_word' id='word_1_85' title='bbox 994 1388 1106 1461; x_wconf 88' lang='lat' dir='ltr'>furoris,</span> <span class='ocrx_word' id='word_1_86' title='bbox 1127 1407 1154 1447; x_wconf 82' lang='lat'>⁶0</span> 
     </span>
     <span class='ocr_line' id='line_1_14' title="bbox 283 1466 1037 1529; baseline 0.007 -5"><span class='ocrx_word' id='word_1_87' title='bbox 283 1481 332 1524; x_wconf 91' lang='lat' dir='ltr'>aut</span> <span class='ocrx_word' id='word_1_88' title='bbox 346 1467 416 1525; x_wconf 89' lang='lat' dir='ltr'>deus</span> <span class='ocrx_word' id='word_1_89' title='bbox 430 1466 481 1525; x_wconf 89' lang='lat' dir='ltr'>ille</span> <span class='ocrx_word' id='word_1_90' title='bbox 496 1467 577 1525; x_wconf 91' lang='lat' dir='ltr'>malis</span> <span class='ocrx_word' id='word_1_91' title='bbox 593 1469 747 1527; x_wconf 90' lang='lat' dir='ltr'>hominum</span> <span class='ocrx_word' id='word_1_92' title='bbox 762 1469 913 1529; x_wconf 88' lang='lat' dir='ltr'>mitescere</span> <span class='ocrx_word' id='word_1_93' title='bbox 927 1471 1037 1529; x_wconf 87' lang='lat' dir='ltr'>discat!</span> 
     </span>
     <span class='ocr_line' id='line_1_15' title="bbox 283 1547 1138 1630; baseline 0.002 -24"><span class='ocrx_word' id='word_1_94' title='bbox 283 1547 340 1606; x_wconf 90' lang='lat' dir='ltr'>iam</span> <span class='ocrx_word' id='word_1_95' title='bbox 354 1567 449 1625; x_wconf 90' lang='lat' dir='ltr'>neque</span> <span class='ocrx_word' id='word_1_96' title='bbox 465 1548 682 1625; x_wconf 86' lang='lat' dir='ltr'>Hamadryades</span> <span class='ocrx_word' id='word_1_97' title='bbox 698 1571 791 1608; x_wconf 90' lang='lat' dir='ltr'>rursus</span> <span class='ocrx_word' id='word_1_98' title='bbox 806 1571 900 1630; x_wconf 90' lang='lat' dir='ltr'>neque</span> <span class='ocrx_word' id='word_1_99' title='bbox 915 1551 1138 1624; x_wconf 23' lang='lat' dir='ltr'>carmina-nobis</span> 
     </span>
     <span class='ocr_line' id='line_1_16' title="bbox 282 1627 979 1706; baseline 0.007 -21"><span class='ocrx_word' id='word_1_100' title='bbox 282 1627 342 1706; x_wconf 90' lang='lat' dir='ltr'>ipsa</span> <span class='ocrx_word' id='word_1_101' title='bbox 355 1629 493 1706; x_wconf 90' lang='lat' dir='ltr'>placent;</span> <span class='ocrx_word' id='word_1_102' title='bbox 514 1629 590 1706; x_wconf 87' lang='lat' dir='ltr'>ipsae</span> <span class='ocrx_word' id='word_1_103' title='bbox 606 1640 701 1688; x_wconf 84' lang='lat' dir='ltr'>rursus</span> <span class='ocrx_word' id='word_1_104' title='bbox 717 1632 868 1690; x_wconf 85' lang='lat' dir='ltr'>concedite</span> <span class='ocrx_word' id='word_1_105' title='bbox 883 1631 979 1690; x_wconf 86' lang='lat' dir='ltr'>silvae.</span> 
     </span>
     <span class='ocr_line' id='line_1_17' title="bbox 282 1709 938 1786; baseline 0.005 -19"><span class='ocrx_word' id='word_1_106' title='bbox 282 1729 342 1768; x_wconf 90' lang='lat' dir='ltr'>non</span> <span class='ocrx_word' id='word_1_107' title='bbox 356 1709 441 1768; x_wconf 88' lang='lat' dir='ltr'>illum</span> <span class='ocrx_word' id='word_1_108' title='bbox 457 1710 544 1768; x_wconf 90' lang='lat' dir='ltr'>nostri</span> <span class='ocrx_word' id='word_1_109' title='bbox 560 1727 679 1786; x_wconf 90' lang='lat' dir='ltr'>possunt</span> <span class='ocrx_word' id='word_1_110' title='bbox 695 1727 805 1770; x_wconf 90' lang='lat' dir='ltr'>mutare</span> <span class='ocrx_word' id='word_1_111' title='bbox 821 1713 938 1783; x_wconf 87' lang='lat' dir='ltr'>labores,</span> 
     </span>
     <span class='ocr_line' id='line_1_18' title="bbox 283 1789 1009 1872; baseline 0.004 -25"><span class='ocrx_word' id='word_1_112' title='bbox 283 1810 337 1848; x_wconf 89' lang='lat' dir='ltr'>nec</span> <span class='ocrx_word' id='word_1_113' title='bbox 353 1789 374 1847; x_wconf 91' lang='lat' dir='ltr'>si</span> <span class='ocrx_word' id='word_1_114' title='bbox 390 1790 540 1865; x_wconf 89' lang='lat' dir='ltr'>frigoribus</span> <span class='ocrx_word' id='word_1_115' title='bbox 556 1791 658 1850; x_wconf 87' lang='lat' dir='ltr'>mediis</span> <span class='ocrx_word' id='word_1_116' title='bbox 674 1793 865 1872; x_wconf 90' lang='lat' dir='ltr'>Hebrumque</span> <span class='ocrx_word' id='word_1_117' title='bbox 880 1792 1009 1850; x_wconf 88' lang='lat' dir='ltr'>bibamus</span> 
     </span>
     <span class='ocr_line' id='line_1_19' title="bbox 284 1870 1008 1952; baseline 0.003 -24"><span class='ocrx_word' id='word_1_118' title='bbox 284 1870 484 1950; x_wconf 90' lang='lat' dir='ltr'>Sithoniasque</span> <span class='ocrx_word' id='word_1_119' title='bbox 500 1872 581 1930; x_wconf 85' lang='lat' dir='ltr'>nives</span> <span class='ocrx_word' id='word_1_120' title='bbox 595 1872 698 1931; x_wconf 89' lang='lat' dir='ltr'>hiemis</span> <span class='ocrx_word' id='word_1_121' title='bbox 714 1873 863 1933; x_wconf 89' lang='lat' dir='ltr'>subeamus</span> <span class='ocrx_word' id='word_1_122' title='bbox 879 1893 1008 1952; x_wconf 87' lang='lat' dir='ltr'>aquosae,</span> 
     </span>
     <span class='ocr_line' id='line_1_20' title="bbox 282 1952 992 2025; baseline 0.004 -17"><span class='ocrx_word' id='word_1_123' title='bbox 282 1971 337 2009; x_wconf 90' lang='lat' dir='ltr'>nec</span> <span class='ocrx_word' id='word_1_124' title='bbox 353 1952 386 2022; x_wconf 87' lang='lat' dir='ltr'>si,</span> <span class='ocrx_word' id='word_1_125' title='bbox 401 1972 469 2010; x_wconf 92' lang='lat' dir='ltr'>cum</span> <span class='ocrx_word' id='word_1_126' title='bbox 484 1953 609 2011; x_wconf 89' lang='lat' dir='ltr'>moriens</span> <span class='ocrx_word' id='word_1_127' title='bbox 625 1953 683 2011; x_wconf 86' lang='lat' dir='ltr'>alta</span> <span class='ocrx_word' id='word_1_128' title='bbox 697 1953 770 2012; x_wconf 89' lang='lat' dir='ltr'>liber</span> <span class='ocrx_word' id='word_1_129' title='bbox 784 1969 842 2013; x_wconf 90' lang='lat' dir='ltr'>aret</span> <span class='ocrx_word' id='word_1_130' title='bbox 857 1954 887 2011; x_wconf 93' lang='lat' dir='ltr'>in</span> <span class='ocrx_word' id='word_1_131' title='bbox 903 1954 992 2025; x_wconf 92' lang='lat' dir='ltr'>ulmo,</span> 
     </span>
    </p>
   </div>
   <div class='ocr_carea' id='block_1_3' title="bbox 281 2031 1015 2175">
    <p class='ocr_par' dir='ltr' id='par_1_4' title="bbox 281 2031 1015 2175">
     <span class='ocr_line' id='line_1_21' title="bbox 281 2031 999 2109; baseline 0.004 -20"><span class='ocrx_word' id='word_1_132' title='bbox 281 2031 459 2109; x_wconf 86' lang='lat' dir='ltr'>Aethiopum</span> <span class='ocrx_word' id='word_1_133' title='bbox 474 2052 617 2092; x_wconf 90' lang='lat' dir='ltr'>versemus</span> <span class='ocrx_word' id='word_1_134' title='bbox 633 2053 698 2092; x_wconf 89' lang='lat' dir='ltr'>oves</span> <span class='ocrx_word' id='word_1_135' title='bbox 714 2035 766 2093; x_wconf 90' lang='lat' dir='ltr'>sub</span> <span class='ocrx_word' id='word_1_136' title='bbox 780 2034 872 2093; x_wconf 90' lang='lat' dir='ltr'>sidere</span> <span class='ocrx_word' id='word_1_137' title='bbox 883 2035 999 2093; x_wconf 90' lang='lat' dir='ltr'>Cancri.</span> 
     </span>
     <span class='ocr_line' id='line_1_22' title="bbox 283 2112 1015 2175; baseline 0.003 -5"><span class='ocrx_word' id='word_1_138' title='bbox 283 2112 380 2170; x_wconf 89' lang='lat' dir='ltr'>omnia</span> <span class='ocrx_word' id='word_1_139' title='bbox 393 2113 486 2172; x_wconf 89' lang='lat' dir='ltr'>vincit</span> <span class='ocrx_word' id='word_1_140' title='bbox 500 2115 613 2173; x_wconf 88' lang='lat' dir='ltr'>Amor:</span> <span class='ocrx_word' id='word_1_141' title='bbox 635 2130 664 2173; x_wconf 96' lang='lat' dir='ltr'>et</span> <span class='ocrx_word' id='word_1_142' title='bbox 679 2135 729 2174; x_wconf 87' lang='lat' dir='ltr'>nos</span> <span class='ocrx_word' id='word_1_143' title='bbox 744 2116 880 2174; x_wconf 90' lang='lat' dir='ltr'>cedamus</span> <span class='ocrx_word' id='word_1_144' title='bbox 893 2115 1015 2175; x_wconf 90' lang='lat' dir='ltr'>Amori.&#39;</span> 
     </span>
    </p>
   </div>
   <div class='ocr_carea' id='block_1_4' title="bbox 283 2273 1153 2918">
    <p class='ocr_par' dir='ltr' id='par_1_5' title="bbox 283 2273 1153 2918">
     <span class='ocr_line' id='line_1_23' title="bbox 327 2273 1153 2351; baseline 0.005 -22"><span class='ocrx_word' id='word_1_145' title='bbox 327 2273 398 2330; x_wconf 87' lang='lat' dir='ltr'>haec</span> <span class='ocrx_word' id='word_1_146' title='bbox 413 2288 455 2332; x_wconf 88' lang='lat' dir='ltr'>sat</span> <span class='ocrx_word' id='word_1_147' title='bbox 470 2273 533 2343; x_wconf 89' lang='lat' dir='ltr'>erit,</span> <span class='ocrx_word' id='word_1_148' title='bbox 549 2275 638 2345; x_wconf 89' lang='lat' dir='ltr'>divae,</span> <span class='ocrx_word' id='word_1_149' title='bbox 654 2290 779 2334; x_wconf 86' lang='lat' dir='ltr'>vestrum</span> <span class='ocrx_word' id='word_1_150' title='bbox 794 2275 933 2335; x_wconf 88' lang='lat' dir='ltr'>cecinisse</span> <span class='ocrx_word' id='word_1_151' title='bbox 948 2290 1071 2351; x_wconf 90' lang='lat' dir='ltr'>poetam,</span> <span class='ocrx_word' id='word_1_152' title='bbox 1126 2305 1153 2342; x_wconf 83' lang='lat'>70</span> 
     </span>
     <span class='ocr_line' id='line_1_24' title="bbox 283 2353 982 2431; baseline 0.001 -20"><span class='ocrx_word' id='word_1_153' title='bbox 283 2353 353 2412; x_wconf 87' lang='lat' dir='ltr'>dum</span> <span class='ocrx_word' id='word_1_154' title='bbox 368 2354 448 2412; x_wconf 91' lang='lat' dir='ltr'>sedet</span> <span class='ocrx_word' id='word_1_155' title='bbox 464 2371 492 2412; x_wconf 94' lang='lat' dir='ltr'>et</span> <span class='ocrx_word' id='word_1_156' title='bbox 507 2355 605 2431; x_wconf 86' lang='lat' dir='ltr'>gracili</span> <span class='ocrx_word' id='word_1_157' title='bbox 621 2356 759 2415; x_wconf 86' lang='lat' dir='ltr'>fiscellam</span> <span class='ocrx_word' id='word_1_158' title='bbox 774 2355 846 2414; x_wconf 87' lang='lat' dir='ltr'>texit</span> <span class='ocrx_word' id='word_1_159' title='bbox 860 2356 982 2426; x_wconf 90' lang='lat' dir='ltr'>hibisco,</span> 
     </span>
     <span class='ocr_line' id='line_1_25' title="bbox 286 2434 974 2505; baseline 0.003 -14"><span class='ocrx_word' id='word_1_160' title='bbox 286 2434 435 2494; x_wconf 89' lang='lat' dir='ltr'>Pierides:</span> <span class='ocrx_word' id='word_1_161' title='bbox 457 2456 506 2494; x_wconf 89' lang='lat' dir='ltr'>vos</span> <span class='ocrx_word' id='word_1_162' title='bbox 521 2437 593 2495; x_wconf 88' lang='lat' dir='ltr'>haec</span> <span class='ocrx_word' id='word_1_163' title='bbox 609 2437 719 2495; x_wconf 89' lang='lat' dir='ltr'>facietis</span> <span class='ocrx_word' id='word_1_164' title='bbox 734 2436 860 2494; x_wconf 85' lang='lat' dir='ltr'>maxima</span> <span class='ocrx_word' id='word_1_165' title='bbox 877 2436 974 2505; x_wconf 90' lang='lat' dir='ltr'>Gallo,</span> 
     </span>
     <span class='ocr_line' id='line_1_26' title="bbox 285 2515 1113 2586; baseline 0.001 -14"><span class='ocrx_word' id='word_1_166' title='bbox 285 2515 384 2586; x_wconf 90' lang='lat' dir='ltr'>Gallo,</span> <span class='ocrx_word' id='word_1_167' title='bbox 399 2515 480 2574; x_wconf 89' lang='lat' dir='ltr'>cuius</span> <span class='ocrx_word' id='word_1_168' title='bbox 496 2535 575 2574; x_wconf 89' lang='lat' dir='ltr'>amor</span> <span class='ocrx_word' id='word_1_169' title='bbox 589 2532 702 2576; x_wconf 88' lang='lat' dir='ltr'>tanturn</span> <span class='ocrx_word' id='word_1_170' title='bbox 716 2517 787 2574; x_wconf 91' lang='lat' dir='ltr'>mihi</span> <span class='ocrx_word' id='word_1_171' title='bbox 803 2516 906 2575; x_wconf 90' lang='lat' dir='ltr'>crescit</span> <span class='ocrx_word' id='word_1_172' title='bbox 920 2516 951 2574; x_wconf 91' lang='lat' dir='ltr'>in</span> <span class='ocrx_word' id='word_1_173' title='bbox 965 2517 1057 2586; x_wconf 91' lang='lat' dir='ltr'>horas,</span> <span class='ocrx_word' id='word_1_174' title='bbox 1112 2530 1113 2538; x_wconf 57' lang='lat'>¹</span> 
     </span>
     <span class='ocr_line' id='line_1_27' title="bbox 284 2596 979 2673; baseline 0.001 -20"><span class='ocrx_word' id='word_1_175' title='bbox 284 2611 425 2673; x_wconf 92' lang='lat' dir='ltr'>quantum</span> <span class='ocrx_word' id='word_1_176' title='bbox 439 2617 506 2654; x_wconf 90' lang='lat' dir='ltr'>vere</span> <span class='ocrx_word' id='word_1_177' title='bbox 521 2617 596 2655; x_wconf 91' lang='lat' dir='ltr'>novo</span> <span class='ocrx_word' id='word_1_178' title='bbox 610 2597 709 2656; x_wconf 90' lang='lat' dir='ltr'>viridis</span> <span class='ocrx_word' id='word_1_179' title='bbox 724 2618 752 2655; x_wconf 92' lang='lat' dir='ltr'>se</span> <span class='ocrx_word' id='word_1_180' title='bbox 768 2596 873 2655; x_wconf 91' lang='lat' dir='ltr'>subicit</span> <span class='ocrx_word' id='word_1_181' title='bbox 888 2597 979 2655; x_wconf 87' lang='lat' dir='ltr'>alnus.</span> 
     </span>
     <span class='ocr_line' id='line_1_28' title="bbox 284 2677 1045 2754; baseline 0.003 -22"><span class='ocrx_word' id='word_1_182' title='bbox 284 2695 450 2752; x_wconf 86' lang='lat' dir='ltr'>surgamus:</span> <span class='ocrx_word' id='word_1_183' title='bbox 473 2677 546 2736; x_wconf 87' lang='lat' dir='ltr'>solet</span> <span class='ocrx_word' id='word_1_184' title='bbox 560 2698 618 2736; x_wconf 91' lang='lat' dir='ltr'>esse</span> <span class='ocrx_word' id='word_1_185' title='bbox 633 2678 723 2754; x_wconf 89' lang='lat' dir='ltr'>gravis</span> <span class='ocrx_word' id='word_1_186' title='bbox 738 2677 920 2736; x_wconf 89' lang='lat' dir='ltr'>cantantibus</span> <span class='ocrx_word' id='word_1_187' title='bbox 935 2677 1045 2746; x_wconf 87' lang='lat' dir='ltr'>umbra,</span> 
     </span>
     <span class='ocr_line' id='line_1_29' title="bbox 284 2754 1088 2834; baseline 0.002 -22"><span class='ocrx_word' id='word_1_188' title='bbox 284 2754 408 2833; x_wconf 89' lang='lat' dir='ltr'>iuniperi</span> <span class='ocrx_word' id='word_1_189' title='bbox 423 2758 513 2834; x_wconf 87' lang='lat' dir='ltr'>gravis</span> <span class='ocrx_word' id='word_1_190' title='bbox 529 2759 639 2830; x_wconf 89' lang='lat' dir='ltr'>umbra,</span> <span class='ocrx_word' id='word_1_191' title='bbox 655 2775 763 2817; x_wconf 90' lang='lat' dir='ltr'>nocent</span> <span class='ocrx_word' id='word_1_192' title='bbox 777 2773 806 2816; x_wconf 90' lang='lat' dir='ltr'>et</span> <span class='ocrx_word' id='word_1_193' title='bbox 821 2757 947 2834; x_wconf 88' lang='lat' dir='ltr'>frugibus</span> <span class='ocrx_word' id='word_1_194' title='bbox 963 2757 1088 2816; x_wconf 89' lang='lat' dir='ltr'>umbrae.</span> 
     </span>
     <span class='ocr_line' id='line_1_30' title="bbox 284 2835 1064 2918; baseline 0.003 -26"><span class='ocrx_word' id='word_1_195' title='bbox 284 2835 323 2894; x_wconf 90' lang='lat' dir='ltr'>ite</span> <span class='ocrx_word' id='word_1_196' title='bbox 338 2837 457 2897; x_wconf 90' lang='lat' dir='ltr'>domum</span> <span class='ocrx_word' id='word_1_197' title='bbox 473 2853 590 2909; x_wconf 89' lang='lat' dir='ltr'>saturae,</span> <span class='ocrx_word' id='word_1_198' title='bbox 605 2839 685 2898; x_wconf 90' lang='lat' dir='ltr'>venit</span> <span class='ocrx_word' id='word_1_199' title='bbox 699 2840 856 2918; x_wconf 89' lang='lat' dir='ltr'>Hesperus,</span> <span class='ocrx_word' id='word_1_200' title='bbox 870 2839 910 2898; x_wconf 90' lang='lat' dir='ltr'>ite</span> <span class='ocrx_word' id='word_1_201' title='bbox 925 2838 1064 2916; x_wconf 85' lang='lat' dir='ltr'>capellae.</span> 
     </span>
    </p>
   </div>
   <div class='ocr_carea' id='block_1_5' title="bbox 0 0 1282 4116">
    <p class='ocr_par' dir='ltr' id='par_1_6' title="bbox 0 0 1282 4116">
     <span class='ocr_line' id='line_1_31' title="bbox 0 0 1282 4116; baseline 0 0"><span class='ocrx_word' id='word_1_202' title='bbox 0 0 1282 4116; x_wconf 95' lang='lat' dir='ltr'> </span> 
     </span>
    </p>
   </div>
  </div>
 </body>
</html>
