2568 4114
417 387 736 436 neutruoss1s.vu
983 401 1030 448 247

205 543 268 582 mos
283 537 343 581 erat
358 520 525 600 Hesperio'
516 541 548 580 ιιι
566 521 659 593 Latio,
675 541 763 615 quem
777 521 908 600 protinus
924 521 1007 580 urbes

163 605 295 662 Albanae
310 603 425 662 coluere
440 622 562 676 sacrum,
578 622 656 661 nunc
672 602 796 660 maxima
810 623 904 662 rerum

166 685 260 742 Roma
274 683 354 752 colit,
370 703 438 742 cum
452 682 546 762 prima
561 697 680 741 movent
694 683 725 740 in
740 683 849 761 proelia
864 685 1004 755 Martem,

165 765 225 824 sive
241 763 326 823 Getis
341 763 448 822 inferre
464 784 551 823 manu
567 763 745 822 lacrimabile
760 764 871 822 bellum

166 845 348 922 Hyrcanisve
362 844 501 903 Arabisve
515 861 626 924 parant,
642 865 691 904 seu
707 845 826 903 tendere
842 845 878 904 ad
893 845 982 903 Indos

164 927 365 1004 Auroramque
381 925 461 1004 sequi
478 926 656 1004 Parthosque
670 945 821 1004 reposcere
836 925 938 1002 signa:

165 1021 233 1064 sunt
246 1006 379 1082 geminae
396 1005 471 1064 Belli
486 1005 668 1084 portae—sic
685 1006 803 1064 nomine
818 1006 963 1065 dicunt-
1022 1003 1024 1006 ’

164 1086 305 1162 religione
320 1107 416 1145 sacrae
431 1102 460 1146 et
474 1086 549 1145 saevi
565 1087 722 1145 formidine
738 1087 864 1154 Martis;

165 1183 284 1226 centum
300 1168 376 1225 aerei
391 1167 534 1226 claudunt
548 1183 645 1226 vectes
661 1183 833 1246 aeternaque
848 1167 915 1226 ferri

165 1249 275 1321 robora,
291 1269 345 1307 nec
360 1263 455 1307 custos
470 1247 580 1307 absistit
596 1247 697 1306 limine
713 1249 809 1308 Ianus.
996 1266 1035 1308 610

165 1331 226 1398 has,
240 1329 290 1388 ubi
306 1345 385 1388 certa
400 1329 478 1386 sedet
491 1329 621 1407 patribus
636 1328 782 1388 sententia
796 1349 918 1408 pugnae,

165 1409 226 1488 ipse
242 1409 390 1480 Quirinali
405 1409 501 1467 trabea
516 1409 674 1488 cinctuque
691 1408 807 1468 Gabino

165 1490 285 1566 insignis
299 1505 404 1549 reserat
418 1490 569 1549 stridentia
585 1490 687 1548 limina
702 1491 826 1562 consul;

165 1571 227 1649 ipse
241 1586 324 1630 vocat
338 1591 469 1648 pugnas3
491 1571 622 1650 sequitur
637 1586 701 1629 tum
716 1586 811 1631 cetera
824 1571 926 1650 pubes,

166 1672 303 1730 aereaque
319 1652 440 1710 adsensu
455 1652 624 1730 conspirant
638 1672 748 1711 cornua
763 1673 857 1712 rauco.

165 1734 222 1792 hoc
239 1747 267 1791 et
282 1748 343 1791 turn
357 1733 502 1792 Aeneadis
516 1732 647 1791 indicere
663 1731 739 1791 bella
754 1731 875 1790 Latinus

166 1833 246 1871 more
260 1813 413 1871 iubebatur
427 1812 578 1890 tristesque
594 1812 745 1870 recludere
759 1829 864 1890 portas.

167 1893 304 1952 abstinuit
319 1909 399 1952 tactu
413 1908 504 1971 pater,
520 1912 691 1969 aversusque
706 1892 812 1967 refugit

168 1975 253 2033 foeda
267 1973 436 2043 ministeria,
453 1987 481 2032 et
496 1972 589 2031 caecis
605 1993 634 2031 se
649 1971 781 2031 condidit
795 1972 912 2032 umbris.

167 2070 230 2113 tum
244 2055 342 2131 regina
356 2055 443 2112 deum
457 2053 539 2112 caelo
554 2053 669 2130 delapsa
682 2069 827 2113 morantes
998 2072 1038 2112 σοι

167 2134 276 2212 inpulit
290 2136 350 2213 ipsa
364 2154 451 2192 manu
466 2149 570 2213 portas,
586 2149 615 2192 et
631 2133 747 2192 cardine
762 2155 843 2192 verso

166 2215 238 2275 belli
254 2215 370 2272 ferratos
384 2215 494 2293 rumpit
510 2214 643 2274 Saturnia
658 2230 761 2292 postes.

168 2297 251 2356 ardet
265 2294 394 2354 inexcita
407 2295 537 2353 Ausonia
553 2309 640 2373 atque
655 2295 888 2374 inmobilisante
903 2318 910 2354 ε

166 2398 231 2455 pars
245 2376 334 2454 pedes
348 2375 391 2434 ire
405 2390 487 2454 parat
502 2375 621 2455 campis,
637 2397 701 2455 pars
716 2376 820 2434 arduus
836 2375 900 2434 altis

166 2457 388 2536 pulverulentus
404 2456 485 2535 equis
500 2457 594 2527 furit3
615 2477 717 2515 omnes
732 2477 809 2515 arma
824 2455 987 2536 requirunt.

166 2559 232 2616 pars
247 2539 325 2596 leves
340 2537 450 2631 clipeos
466 2551 495 2596 et
511 2501 622 2615 spicsila
637 2537 735 2596 lucida
750 2551 865 2614 tergent

168 2618 267 2677 arvina
282 2618 383 2696 pingui
376 2617 618 2712 'subiguntque
610 2639 642 2676 1n
658 2633 724 2678 eote
739 2639 873 2689 secures,

168 2699 307 2777 signaque
322 2699 422 2758 ferre
414 2714 494 2757 iuvat
509 2699 679 2778 sonitusque
695 2699 795 2758 audire
810 2700 954 2758 tubarum.

167 2779 298 2858 quinque
313 2780 385 2838 adeo
400 2799 520 2856 magnae
535 2779 636 2858 positis
652 2779 807 2839 incudibus
822 2781 906 2838 urbes

168 2861 227 2918 tela
243 2875 361 2933 novant,
374 2860 465 2918 Atina
479 2875 595 2938 potens,
612 2860 767 2939 Tiburque
783 2861 948 2938 superbum,
999 2878 1038 2928 σῃ

166 2941 262 2999 Ardea
278 2940 519 3020 Crustumerique
534 2955 563 3000 et
578 2940 736 3016 turrigerae
750 2942 926 3000 Antemnae.

170 3020 298 3098 tegmina
314 3036 376 3080 tuta
391 3037 495 3080 cavant
510 3021 650 3101 capitum,
666 3021 848 3099 flectuntque
863 3021 982 3097 salignas

169 3103 330 3160 umbonum
345 3115 436 3160 crates
449 3126 458 3173 ;
480 3101 529 3160 alii
545 3103 675 3160 thoracas
690 3111 775 3160 aenos

169 3197 219 3240 aut
234 3182 312 3240 leves
327 3202 424 3241 ocreas
439 3183 521 3241 lento
536 3184 649 3242 ducunt
664 3197 793 3258 argento.

168 3263 292 3321 vomeris
308 3264 365 3322 huc
381 3278 410 3321 et
425 3263 508 3322 falcis
523 3265 625 3336 honos,
640 3265 699 3322 huc
714 3262 808 3322 omnis
823 3265 910 3322 aratri

170 3344 255 3402 cessit
270 3363 350 3402 amor
362 3367 372 3415 ;
392 3359 557 3423 recoquunt
571 3343 679 3422 patrios
693 3343 860 3406 fornacibus
876 3364 967 3403 enses.

169 3423 287 3483 classica
303 3424 419 3504 iamque
434 3439 540 3484 sonant
555 3449 563 3496 3
584 3424 608 3484 it
622 3425 702 3484 bello
717 3439 822 3485 tessera
837 3424 961 3501 signum.
