2558 4112
440 333 606 382 AENEIDOS
624 333 687 382 LIB.
704 333 716 381 1
988 349 1032 381 111

162 465 266 542 viginti
281 480 385 535 tauros,
399 484 570 539 magnorum
585 465 729 524 horrentia
743 479 862 524 centum

164 563 241 622 terga
255 566 348 614 suum,
360 545 482 622 pingues
497 561 616 604 centum
631 565 699 603 cum
714 545 849 605 matribus
864 565 961 623 agnos,

163 647 283 686 munera
297 625 491 705 laetitiamque
505 625 562 686 dei.

163 724 192 767 at
206 708 308 766 domus
323 705 441 765 interior
454 706 541 782 regali
556 705 705 783 splendida
719 707 790 766 luxu

163 788 323 858 instruitur,
339 787 499 874 mediisque
513 802 613 865 parant
628 787 760 845 convivia
774 786 879 847 tectis:

164 885 223 928 arte
238 869 378 928 laboratae
393 884 485 926 vestes
498 884 631 947 ostroque
645 867 776 946 superbo,

165 950 267 1026 ingens
281 964 432 1024 argentum
447 948 562 1019 mensis,
577 949 741 1028 caelataque
756 949 786 1007 in
801 970 869 1008 auro
995 967 1034 1018 ⁶40

165 1030 250 1090 fortia
264 1030 339 1088 facta
352 1045 477 1106 patrum,
491 1029 574 1088 series
590 1028 751 1104 longissima
764 1051 860 1088 rerum

166 1131 216 1190 per
230 1125 273 1170 tot
287 1111 374 1169 ducta
388 1109 465 1169 viros
477 1109 593 1189 antiqua
607 1111 642 1168 ab
656 1110 765 1187 origine
779 1111 880 1186 gentis.

205 1193 453 1270 Aeneas-neque
469 1191 548 1249 enim
563 1191 668 1268 patrius
682 1191 836 1250 consistere
851 1208 980 1250 mentem

166 1293 261 1351 passus
275 1271 527 1351 amor-rapidum
542 1271 577 1330 ad
592 1291 675 1330 naves
689 1272 847 1349 praemittit
860 1273 1001 1342 Achaten,

166 1352 291 1411 Ascanio
305 1352 378 1411 ferat
392 1354 471 1422 haec,
487 1352 637 1431 ipsumque
652 1352 688 1411 ad
701 1352 815 1412 moenia
829 1353 937 1425 ducat;

168 1434 260 1492 omnis
275 1433 306 1491 in
321 1432 446 1492 Ascanio
461 1433 518 1492 cari
532 1449 586 1493 stat
600 1454 668 1492 cura
682 1433 814 1510 parentis.

167 1533 287 1572 munera
301 1529 445 1592 praeterea
460 1513 555 1586 Iliacis
571 1530 667 1593 erepta
680 1514 769 1573 ruinis

169 1595 240 1653 ferre
256 1594 346 1665 iubet,
359 1595 466 1672 pallam
480 1594 565 1670 signis
581 1615 703 1673 auroque
718 1595 859 1671 rigentem

168 1690 196 1734 et
210 1676 436 1734 circumtextum
450 1695 552 1734 croceo
566 1677 697 1734 velamen
712 1679 844 1746 acantho,

167 1771 281 1816 ornatus
296 1756 418 1830 Argivae
434 1755 575 1827 Helenae,
591 1766 661 1834 q'uos
675 1755 725 1814 illa
741 1756 884 1832 Mycenis,
997 1774 1036 1824 ιιι

169 1837 305 1913 Pergama
319 1857 387 1895 cum
401 1851 512 1915 peteret
526 1836 764 1914 inconcessosque
779 1838 960 1913 hymenaeos,

169 1918 318 1988 extulerat,
334 1917 430 1976 matris
445 1916 542 1975 Ledae
556 1915 685 1975 mirabile
699 1917 809 1976 donum
821 1941 830 1988 ;

168 2014 312 2077 praeterea
326 2014 480 2076 sceptrum,
497 1997 589 2056 Ilione
605 1998 681 2076 quod
695 2014 814 2074 gesserat
828 1997 908 2070 olim,

168 2078 294 2138 maxima
308 2094 439 2138 natarum
454 2077 567 2149 Priami,
584 2079 718 2157 colloque
732 2079 840 2138 monile

168 2159 301 2219 bacatum
316 2176 345 2218 et
359 2158 506 2237 duplicem
521 2159 642 2234 gemmis
656 2181 780 2239 auroque
795 2179 940 2219 coronam.

168 2243 239 2300 haec
256 2241 382 2299 celerans
397 2240 451 2299 iter
465 2240 501 2298 ad
515 2260 600 2298 naves
615 2240 750 2299 tendebat
763 2242 897 2299 Achates.

210 2337 238 2380 at
254 2321 399 2399 Cytherea
413 2341 499 2380 novas
515 2337 597 2391 artes,
612 2341 685 2378 nova
699 2336 814 2398 pectore
829 2337 920 2378 versat
991 2363 996 2374 .

169 2402 298 2473 consilia,
314 2419 346 2462 ut
361 2402 464 2461 faciem
479 2417 605 2460 mutatus
620 2417 649 2460 et
663 2422 712 2460 ora
726 2400 843 2478 Cupido

168 2504 222 2562 pro
235 2482 315 2543 dulci
329 2483 455 2542 Ascanio
470 2482 577 2554 veniat,
591 2482 730 2576 donisque
745 2482 889 2541 furentem

170 2563 306 2623 incendat
320 2563 449 2640 reginam
463 2579 548 2642 atque
564 2563 671 2622 ossibus
686 2563 806 2643 inplicet
821 2561 927 2638 ignem.
1000 2579 1038 2618 σεο

170 2644 278 2722 quippe
293 2645 412 2704 domum
424 2644 507 2704 timet
522 2644 686 2721 ambiguam
698 2644 859 2722 Tyriosque
874 2643 1016 2719 bilingues
1028 2667 1038 2713 ;

170 2725 227 2783 urit
241 2741 322 2784 atrox
338 2727 423 2796 Iuno,
438 2741 468 2784 et
481 2725 534 2784 sub
549 2742 667 2784 noctem
681 2746 748 2785 cura
762 2740 896 2784 recursat.

170 2825 236 2880 ergo
251 2806 294 2865 his
308 2805 446 2882 aligerum
460 2805 544 2865 dictis
559 2807 671 2865 adfatur
683 2808 820 2866 Amorem
834 2827 841 2864 ε

151 2892 246 2958 ‘nate,
263 2906 343 2945 meae
357 2887 440 2958 vires,
454 2906 518 2946 mea
532 2907 635 2964 magna
650 2887 777 2964 potentia
791 2888 874 2957 solus,

170 2983 247 3038 nate,
263 2967 352 3026 Patris
368 2967 472 3026 summi
487 2967 536 3046 qui
553 2967 610 3026 tela
625 2967 761 3044 Typho'r'a
776 2967 890 3037 temnis,

170 3047 206 3106 ad
220 3065 248 3106 te
263 3048 401 3124 confugio
416 3064 445 3106 et
459 3049 580 3126 supplex
596 3063 644 3106 tua
658 3047 779 3105 numina
794 3067 887 3124 posco.

170 3129 256 3187 frater
271 3144 303 3187 ut
316 3130 428 3187 Aeneas
443 3129 544 3208 pelago
559 3143 624 3186 tuus
640 3127 737 3186 omnia
752 3127 861 3187 circum

170 3208 252 3267 litora
267 3209 390 3268 iactetur
404 3209 475 3267 odiis
490 3208 610 3267 Iunonis
625 3208 750 3280 acerbae,

170 3305 238 3348 nota
251 3289 314 3360 tibi,
330 3304 360 3349 et
374 3306 471 3349 nostro
485 3289 600 3348 doluisti
616 3309 698 3370 saepe
713 3290 818 3350 dolore.

234 3382 282 3444 636
300 3383 339 3432 dii.
374 3383 420 3443 642
438 3383 552 3444 antiquae.
592 3382 638 3430 668
656 3383 803 3446 laeteturque.
836 3383 934 3445 iniquae.
