2558 4112
410 367 613 418 GEORGICON
630 370 693 420 LIB.
711 370 750 418 111
1004 385 1033 434 71

169 521 257 581 quam
272 501 294 560 si
309 499 373 580 quis
387 501 463 559 ferro
476 499 574 578 potuit
588 499 750 559 rescindere
765 521 911 560 summum

170 583 274 642 ulceris
289 603 319 640 os
332 605 342 650 3
364 581 450 640 alitur
464 580 570 640 vitium
584 580 714 660 vivitque
730 582 865 657 tegend0,

169 665 239 723 dum
254 663 381 722 medicas
395 661 532 722 adhibere
547 681 650 721 manus
664 662 699 720 ad
715 663 834 721 vulnera
848 679 945 742 pastor

170 745 291 819 abnegat
306 758 335 802 et
349 743 467 801 meliora
482 742 549 802 deos
565 742 644 802 sedet
658 744 757 802 omnia
770 764 901 822 poscens.

169 824 241 904 quin
256 824 352 894 etiam,
368 824 426 882 ima
441 824 523 882 dolor
537 823 688 883 balantum
703 824 799 902 lapsus
814 826 850 883 ad
863 847 924 884 ossa

170 925 238 964 cum
252 904 324 964 furit
338 920 426 982 atque
441 920 519 963 artus
532 904 697 983 depascitur
711 905 791 964 arida
806 906 903 977 febris,

169 985 280 1064 profuit
294 985 426 1045 incensos
442 1001 535 1044 aestus
550 1001 677 1044 avertere
693 1000 722 1044 et
736 985 813 1044 inter

169 1067 226 1124 ima
241 1065 325 1125 ferire
339 1067 421 1144 pedis
436 1066 588 1126 salientem
603 1066 741 1142 sanguine
756 1087 868 1140 venam,
1003 1087 1041 1137 460

169 1147 296 1206 Bisaltae
310 1167 369 1225 quo
383 1167 462 1206 more
478 1147 572 1206 solent
587 1168 710 1226 acerque
726 1147 858 1208 Gelonus
872 1173 881 1220 3

169 1249 236 1287 cum
251 1228 326 1304 fugit
340 1228 372 1286 in
387 1228 554 1306 Rhodopen
569 1243 655 1306 atque
670 1229 701 1286 in
715 1229 827 1288 deserta
843 1231 985 1289 Getarum

169 1324 198 1367 et
213 1309 257 1368 lac
273 1324 444 1369 concretum
460 1329 528 1368 cum
543 1309 684 1386 sanguine
699 1325 780 1387 potat
795 1311 912 1390 equino.

168 1410 255 1468 quam
270 1390 371 1468 procul
386 1405 437 1449 aut
452 1389 534 1448 molli
551 1390 705 1450 succedere
720 1390 830 1469 saepius
846 1393 966 1450 umbrae

170 1471 282 1544 videris,
297 1486 346 1530 aut
360 1491 484 1531 summas
501 1486 670 1549 carpentem
685 1471 815 1548 ignavius
829 1474 931 1531 herbas

168 1567 385 1631 extremamque
400 1551 481 1630 sequi
498 1568 547 1612 aut
562 1552 659 1611 medio
673 1553 863 1631 procumbere
877 1573 981 1632 campo

168 1649 334 1710 pascentem
349 1648 378 1692 et
393 1654 471 1692 serae
487 1634 578 1692 solam
593 1633 733 1692 decedere
748 1635 830 1693 nocti
843 1659 852 1704 3

168 1713 308 1773 continuo
322 1715 440 1792 culpam
455 1713 532 1773 ferro
547 1734 708 1792 compesce,
723 1715 890 1794 priusquam
931 1790 933 1792 Ι

168 1794 228 1853 dira
236 1816 293 1873 'per
307 1795 461 1854 incautum
477 1810 594 1873 serpant
610 1795 742 1870 contagia
755 1797 867 1871 vulgus.

168 1896 227 1933 non
242 1891 301 1935 tam
316 1876 417 1935 creber
432 1895 517 1952 agens
532 1875 660 1935 hiemem
675 1875 733 1934 ruit
748 1896 871 1954 aequore
885 1877 978 1949 turbo,
1002 1908 1041 1946 470

168 1977 254 2035 quam
268 1957 377 2016 multae
391 1956 541 2035 pecudum
554 1973 659 2036 pestes.
702 1977 757 2016 nec
773 1957 884 2032 singula
899 1957 992 2016 morbi

168 2056 286 2115 corpora
300 2037 471 2115 corripiunt,
487 2037 537 2096 sed
553 2035 613 2096 tota
628 2037 734 2097 aestiva
749 2053 877 2117 repente,

168 2138 305 2196 spemque
330 2138 503 2196 gregemque
532 2118 617 2177 simul
648 2134 844 2198 cunctamque
870 2120 904 2179 ab
928 2119 1038 2196 origine

249 2214 374 2274 gentem.

168 2296 231 2338 tum
246 2279 326 2352 sciat,
341 2280 426 2338 aerias
443 2280 532 2358 Alpes
548 2296 576 2340 et
592 2279 702 2339 Norica
716 2279 739 2338 si
753 2280 817 2360 quis

169 2361 284 2420 castella
298 2360 329 2419 in
344 2361 463 2420 tumulis
479 2375 508 2420 et
523 2361 637 2440 Iapydis
653 2381 718 2420 arva
733 2360 851 2419 Timavi

169 2461 247 2500 nunc
262 2461 378 2520 quoque
393 2456 457 2519 post
471 2457 554 2501 tanto
568 2441 663 2501 videat
678 2441 846 2519 desertaque
861 2461 948 2516 regna

167 2537 312 2598 pastorum
327 2537 356 2582 et
370 2523 457 2600 longe
473 2523 559 2582 saltus
576 2523 690 2601 lateque
703 2538 848 2582 vacantes.

208 2603 256 2661 hic
271 2603 417 2682 quondam
433 2603 534 2662 morbo
550 2602 622 2662 caeli
637 2603 797 2663 miseranda
812 2617 908 2662 coorta
923 2617 966 2662 est

168 2699 327 2762 tempestas,
343 2699 462 2762 totoque
477 2685 610 2743 autumni
626 2684 778 2743 incanduit
792 2699 881 2756 aestu,

169 2779 198 2823 et
212 2783 301 2840 genus
312 2784 398 2824 omne
410 2765 475 2824 neci
491 2765 638 2843 pecudum
650 2765 740 2836 dedit,
751 2784 837 2824 omne
852 2766 985 2836 ferarum,
1001 2783 1039 2833 480

169 2845 352 2924 corrupitque
367 2847 454 2918 lacus,
470 2845 574 2904 infecit
589 2846 693 2924 pabula
708 2846 784 2905 tabo.

168 2946 222 2985 nec
237 2926 283 2984 via
297 2927 396 2986 mortis
411 2941 471 2985 erat
485 2925 618 3004 simplex,
634 2927 684 2985 sed
700 2927 749 2985 ubi
764 2925 848 3003 ignea
861 2927 942 2985 venis

168 3007 302 3066 omnibus
316 3023 380 3066 acta
394 3007 455 3067 sitis
469 3007 585 3066 miseros
601 3007 757 3065 adduxerat
772 3021 859 3078 artus,

167 3108 263 3147 rursus
277 3089 441 3148 abundabat
455 3088 560 3147 fluidus
576 3087 671 3166 liquor
685 3087 842 3166 omniaque
855 3087 887 3147 in
902 3109 931 3147 se

167 3189 227 3228 ossa
240 3169 409 3228 minutatim
423 3169 524 3228 morbo
537 3169 662 3246 collapsa
677 3169 816 3228 trahebat.

167 3269 251 3327 saepe
265 3249 296 3308 in
310 3251 420 3309 honore
434 3250 523 3309 deum
537 3248 633 3308 medio
647 3264 723 3308 stans
738 3250 829 3309 hostia
843 3251 878 3308 ad
893 3269 978 3320 aram,

167 3330 251 3389 lanea
264 3330 335 3389 dum
350 3331 433 3390 nivea
447 3329 643 3390 circumdatur
657 3329 750 3389 infula
764 3331 845 3401 vitta,

244 3435 291 3486 475
310 3424 409 3486 Iapygis.
474 3423 521 3484 481
540 3422 657 3484 corripuit.
722 3423 769 3486 483
788 3431 920 3472 attraxerat.
