2556 4116
444 397 454 410 ·
529 341 557 390 P.
573 341 716 389 VERGILI
733 341 891 390 MARONIS

599 659 770 718 ECLOGA
789 659 822 717 11

652 819 771 866 resins

296 962 460 1020 Formosum
475 975 572 1039 pastor
587 961 726 1036 Corydon
741 961 858 1019 ardebat
872 960 999 1034 Alexim,

295 1042 414 1100 delicias
429 1041 550 1114 domini,
566 1062 620 1100 nec
636 1041 708 1120 quid
722 1057 846 1119 speraret
861 1042 997 1102 habebat.

295 1138 408 1181 tantum
422 1122 499 1180 inter
513 1123 623 1192 densas,
639 1122 771 1180 umbrosa
785 1123 947 1194 cacumina,
962 1123 1040 1198 fagos

295 1203 412 1261 adsidue
427 1203 572 1262 veniebat.
614 1203 655 1262 ibi
670 1204 740 1271 haec
756 1202 906 1261 incondita
920 1204 995 1261 solus

295 1283 441 1342 montibus
457 1299 486 1342 et
500 1283 579 1342 silvis
594 1283 691 1342 studio
706 1283 830 1342 iactabat
844 1283 924 1342 inani
939 1306 946 1342 :

336 1369 371 1422 ‘o
386 1363 510 1422 crudelis
521 1358 622 1437 Alexi,
638 1364 712 1422 nihil
727 1384 791 1422 mea
806 1364 934 1422 carmina
948 1370 1050 1424 curas?

294 1445 336 1503 nil
353 1443 441 1502 nostri
456 1444 613 1503 miserere?
655 1445 727 1502 mori
742 1464 790 1502 me
805 1445 933 1523 denique
947 1466 1039 1521 coges.

295 1546 373 1584 nunc
389 1525 475 1584 etiam
490 1526 617 1603 pecudes
633 1525 790 1584 umbras'et
804 1525 907 1601 frigora
921 1541 1047 1604 captant,

294 1627 373 1664 nunc
389 1606 494 1665 virides
509 1607 596 1664 etiam
611 1606 761 1664 occultant
775 1605 886 1683 spineta
901 1607 1028 1678 lacertos,

295 1687 444 1763 Thestylis
459 1703 488 1745 et
502 1687 602 1765 rapido
618 1687 696 1745 fessis
711 1687 883 1745 messoribus
898 1702 976 1746 aestu
1138 1719 1164 1746 10

294 1767 362 1826 allia
376 1769 592 1847 serpyllumque
607 1769 708 1826 herbas
724 1768 879 1826 contundit
892 1768 1003 1826 olentes
1016 1793 1026 1840 ;

295 1863 324 1906 at
338 1869 454 1907 mecum
469 1849 570 1920 raucis,
588 1865 636 1907 tua
650 1849 721 1907 dum
736 1848 854 1924 vestigia
869 1849 968 1922 lustro,

295 1929 354 1987 sole
369 1930 421 1987 sub
437 1930 547 1988 ardenti
564 1945 701 1988 resonant
716 1930 827 1987 arbusta
842 1929 957 1989 cicadis.

294 2029 392 2068 nonne
408 2010 462 2068 fuit
477 2010 573 2081 satius,
589 2010 680 2069 tristes
695 2010 878 2088 Amaryllidis
893 2010 946 2068 iras

294 2105 379 2169 atque
394 2091 514 2167 superba
527 2090 586 2168 pati
602 2091 736 2150 fastidia?
757 2110 854 2149 nonne
870 2092 1038 2163 Menalcan,

294 2171 422 2250 quamvis
437 2171 487 2229 il'le
502 2171 593 2248 niger,
610 2173 740 2250 quamvis
755 2188 786 2230 tu
802 2173 939 2231 candidus
955 2177 1047 2232 esses?

294 2273 312 2310 o
326 2253 447 2310 formose
460 2274 542 2330 puer,
558 2253 682 2312 nimium
697 2274 734 2311 nc
749 2253 833 2311 crede
848 2253 937 2312 colori
950 2279 959 2325 ς

294 2333 357 2392 alba
372 2333 488 2409 ligustra
502 2332 620 2405 cadunt,
635 2333 764 2392 vaccinia
779 2334 859 2409 nigra
873 2335 1017 2410 leguntur.

293 2414 443 2491 despectus
459 2413 511 2472 tibi
527 2435 600 2486 sum,
616 2435 670 2473 nec
686 2414 736 2492 qui
752 2414 805 2471 sim
821 2414 940 2491 quaeris,
955 2415 1050 2484 Alexi,

293 2515 380 2573 quam
394 2495 471 2553 dives
487 2496 607 2571 pecoris,
623 2495 699 2553 nivei
715 2513 800 2573 quam
817 2493 897 2552 lactis
911 2495 1080 2554 abundans:
1137 2525 1163 2553 ω

294 2576 375 2634 mille
390 2596 470 2634 meae
486 2577 590 2634 Siculis
606 2590 703 2634 errant
718 2575 748 2631 in
764 2573 909 2632 montibus
925 2595 1012 2652 agnae
1025 2600 1034 2646 3

294 2656 338 2714 lac
353 2657 424 2716 mihi
439 2677 498 2715 non
514 2673 619 2715 aestate
635 2675 752 2725 novum,
769 2675 828 2713 non
843 2655 946 2730 frigore
960 2656 1038 2715 defit.

294 2752 388 2807 canto,
404 2758 478 2816 quae
493 2737 602 2808 solitus,
617 2737 640 2794 si
656 2736 771 2814 quando
786 2751 915 2795 armenta
930 2737 1058 2808 vocabat,

292 2817 439 2894 Amphion
455 2818 595 2876 Dircaeus
608 2818 640 2875 in
655 2819 766 2876 Actaeo
780 2818 958 2894 Aracyntho.

294 2917 348 2955 nec
364 2919 426 2958 sum
441 2899 512 2957 adeo
526 2898 678 2957 informis:
700 2918 794 2975 nuper
808 2918 854 2956 me
870 2899 899 2956 in
915 2899 997 2958 litore
1012 2897 1079 2969 vidi,

293 2998 361 3036 cum
375 2979 522 3056 placidum
537 2980 629 3038 ventis
645 2995 732 3038 staret
746 2999 847 3051 mare;
869 3001 927 3037 non
943 3001 996 3056 ego
1010 2977 1160 3057 Daphnim

293 3058 390 3116 iudice
405 3075 433 3117 te
449 3076 587 3132 metuam,
602 3061 625 3118 si
640 3081 800 3139 numquam
817 3060 892 3120 fallit
906 3061 1010 3137 imago.

293 3160 312 3196 o
326 3154 438 3197 tantum
454 3140 542 3200 libeat
557 3161 673 3201 mecum
689 3141 741 3200 tibi
756 3140 866 3199 sordida
880 3162 944 3200 rura

294 3235 380 3298 atque
395 3221 518 3280 humiles
532 3223 662 3282 habitare
678 3243 764 3292 casas,
779 3237 809 3280 et
823 3221 909 3297 figere
923 3242 1029 3291 cervos,

294 3301 508 3380 haedorumque
523 3322 638 3379 gregem
654 3303 738 3362 viridi
754 3303 929 3380 compellere
943 3303 1062 3372 hibisco,
1136 3331 1163 3370 ao
1270 3367 1271 3376 χ

646 3412 677 3458 27
695 3399 768 3447 fallat.
1266 3397 1269 3404 '
