2568 4114
398 445 566 514 autumnos
584 444 647 495 LIB.
664 447 690 495 V
971 463 1015 515 195

147 597 255 637 nornen
270 575 316 634 avi
331 575 458 652 refererp
475 575 614 648 Priamus,
629 591 679 634 tua
694 576 780 648 clara,
797 575 901 648 Polite,

146 657 308 738 progenies,
323 673 442 716 auctura
457 656 566 728 Italos3
587 677 676 736 quem
691 657 838 715 Thracius
852 657 925 716 albis

145 754 243 818 portat
257 757 349 816 equus
364 737 475 796 bicolor
489 737 620 810 maculis,
635 736 756 814 vestigia
769 737 855 815 primi
901 755 902 760 ¹

147 820 212 878 alba
226 818 308 898 pedis
322 819 508 896 frontemque
523 833 672 878 ostentans
687 817 793 878 arduus
808 817 912 878 albam.

146 901 220 960 alter
233 900 315 977 Atys,
330 919 420 975 genus
435 898 514 958 unde
528 898 589 958 Atii
606 899 716 958 duxere
730 898 839 970 Latini,

146 1001 250 1058 parvus
264 981 346 1058 Atys,
361 999 510 1058 pueroque
525 1000 598 1058 puer
613 980 738 1039 dilectus
753 980 828 1040 Iulo.

147 1077 293 1120 extremus
307 1061 458 1139 formaque
474 1075 543 1119 ante
558 1080 659 1120 omnes
673 1062 796 1139 pulcher
812 1061 894 1119 Iulus
981 1089 1019 1128 ⁵70

148 1141 269 1200 Sidonio
284 1157 327 1200 est
341 1140 474 1200 invectus
490 1161 575 1220 equo,
591 1161 679 1220 quem
695 1141 819 1200 candida
835 1140 915 1200 Dido

147 1243 207 1282 esse
222 1221 265 1280 sui
280 1221 400 1280 dederat
415 1222 631 1282 monimentum
646 1238 675 1280 et
690 1222 795 1300 pignus
811 1221 934 1280 amoris:

146 1319 243 1362 cetera
258 1302 421 1361 Trinacriis
435 1302 526 1380 pubes
542 1302 662 1362 senioris
675 1303 798 1362 Acestae

147 1385 240 1442 fertur
254 1383 345 1462 equis.

148 1464 300 1542 excipiunt
314 1464 416 1542 plausu
432 1463 560 1542 pavidos,
576 1464 763 1543 gaudentque
779 1478 895 1523 tuentes

147 1544 343 1617 Dardanidae,
358 1559 549 1623 veterumque
566 1545 747 1622 adgnoscunt
762 1565 811 1603 ora
826 1559 991 1623 parentum.

146 1641 300 1704 postquam
315 1645 433 1686 omnem
449 1625 518 1685 laeti
534 1645 700 1685 consessum
715 1626 873 1704 oculosque
889 1643 1005 1684 suorum

148 1707 305 1765 lustravere
320 1705 352 1764 in
368 1706 458 1786 equis,
475 1706 590 1784 signum
605 1707 731 1766 clamore
745 1705 850 1784 paratis

148 1787 288 1866 Epytides
304 1787 389 1864 longe
405 1786 487 1846 dedit
502 1787 692 1866 insonuitque
707 1786 831 1862 flagello.

112 1876 115 1882 '
148 1868 200 1926 olli
216 1868 375 1927 discurrere
391 1888 482 1946 pares,
498 1883 585 1947 atque
601 1867 716 1944 agmina
731 1866 806 1925 terni
981 1883 1020 1932 5⁸0

148 1949 273 2008 diductis
288 1946 399 2008 solvere
414 1947 519 2020 choris,
535 1967 689 2025 rursusque
703 1946 798 2005 vocati

148 2045 319 2089 convertere
333 2029 392 2088 vias
408 2028 573 2106 infestaque
588 2027 646 2086 tela
661 2027 763 2086 tulere.

148 2111 218 2169 inde
233 2111 302 2168 alios
317 2110 423 2168 ineunt
439 2127 538 2166 cursus
554 2107 684 2186 aliosque
698 2125 828 2168 recursus

148 2191 258 2250 adversi
274 2189 382 2267 spatiis,
397 2188 584 2280 alternosque
599 2187 716 2246 orbibus
730 2189 813 2247 orbes

148 2271 315 2350 inpediunt,
330 2287 504 2347 pugnaeque
519 2282 601 2326 erent
616 2267 768 2327 simulacra
783 2270 836 2328 sub
851 2269 954 2328 armis:

148 2367 178 2411 et
194 2370 274 2410 nunc
290 2366 368 2426 terga
384 2351 451 2426 fuga
466 2348 590 2421 nudant,
607 2367 686 2407 nunc
702 2348 813 2427 spicula
826 2365 946 2408 vertunt

148 2431 267 2504 infensi,
283 2431 359 2489 facta
395 2429 482 2490 ariter
497 2450 578 2489 nunc
592 2449 664 2508 pace
679 2429 823 2489 feruntur.

149 2528 182 2571 ut
196 2512 344 2592 quondam
359 2451 448 2571 dieta
464 2511 557 2570 fertur
572 2511 769 2588 Labyrinthus
784 2510 815 2568 in
830 2510 887 2568 alta

148 2593 306 2672 parietibus
322 2607 435 2651 textum
450 2592 543 2651 caecis
559 2591 624 2664 iter,
639 2591 856 2670 ancipitemque

149 2673 230 2732 mille
244 2673 297 2731 viis
312 2673 445 2732 habuisse
460 2673 643 2750 dolum‚=qua
659 2672 738 2748 signa
753 2671 894 2751 sequendi
983 2699 1021 2738 ⁵90

149 2754 264 2813 falleret
279 2753 469 2832 indeprensus
484 2770 514 2812 et
528 2752 726 2812 inremeabilis
741 2773 836 2812 error:

149 2834 229 2893 haud
243 2835 300 2893 alio
316 2835 467 2894 Teucrum
483 2833 544 2893 nati
560 2833 679 2910 vestigia
694 2853 780 2895 cursu

149 2913 316 2992 inpediunt,
332 2931 495 2994 texuntque
510 2915 591 2992 fugas
607 2930 637 2974 et
652 2914 762 2993 proelia
777 2915 866 2984 ludo;

150 2995 325 3073 delphinum
340 2996 457 3068 similes,
473 2995 522 3074 qui
538 3016 590 3074 per
605 2995 695 3054 maria
711 2995 809 3054 umida
825 2993 923 3052 nando

151 3075 344 3154 Carpathium
356 3077 559 3156 Libycumque
570 3092 669 3136 secant
681 3076 846 3153 luduntque
855 3095 908 3153 per
917 3073 1018 3132 undas.

150 3158 229 3214 hunc
245 3175 355 3215 morem
370 3177 468 3216 cursus
484 3171 571 3234 atque
586 3159 658 3218 haec
675 3156 833 3216 certamina
848 3155 958 3233 primus

148 3237 301 3310 Ascanius,
316 3237 447 3313 Longam
462 3237 550 3296 muris
566 3257 634 3297 cum
649 3237 779 3313 cingeret
792 3236 907 3309 Albam,

150 3317 274 3390 rettulit,
290 3333 320 3376 et
333 3317 441 3395 priscos
455 3317 557 3378 docuit
571 3319 717 3380 celebrare
732 3317 861 3389 Latinos,

150 3418 208 3474 quo
222 3417 295 3477 puer
310 3398 371 3476 ipse
385 3400 481 3471 modo,
497 3419 596 3458 secum
611 3419 669 3478 quo
684 3400 775 3458 Troia
790 3398 900 3477 pubes;

273 3501 318 3554 573
336 3492 478 3542 Trinacriae.
511 3493 635 3544 Trinacrii.
671 3493 844 3556 581deduetis.
