2562 4114
275 367 321 430 338
545 367 573 414 P.
590 363 732 414 VERGILI
751 365 907 414 MARONIS

313 496 494 574 exsultatque
508 494 619 566 animis,
634 511 663 554 et
677 515 725 572 spe
739 495 795 553 iam
809 495 946 574 praecipit
960 497 1093 556 hostem:

312 575 404 655 qualis
419 576 468 635 ubi
483 575 609 654 abruptis
623 575 696 652 fugit
710 575 853 655 praesepia
868 576 969 634 vinclis

312 657 430 716 tandem
445 656 519 716 liber
533 677 631 734 equus,
646 676 805 735 campoque
820 656 926 734 potitus
940 673 1038 735 aperto

312 754 360 797 aut
374 737 425 797 ille
440 738 470 796 in
485 752 579 815 pastus
593 752 778 816 armentaque
793 737 885 796 tendit
899 757 1047 815 equarum,

312 833 361 877 aut
376 819 506 877 adsuetus
522 838 610 896 aquae
624 818 760 896 perfundi
775 816 896 876 flumine
911 833 980 877 noto

312 899 427 970 emicat,
441 899 613 976 arrectisque
628 899 727 957 fremit
741 898 901 957 cervicibus
914 899 970 958 alte

311 980 467 1050 luxurians,
484 979 647 1057 luduntque
663 979 747 1038 iubae
762 999 813 1056 per
827 980 911 1050 colla,
924 999 975 1058 per
989 999 1093 1040 armos.

311 1060 394 1119 obvia
408 1060 465 1130 cui,
480 1059 652 1119 Volscorum
667 1060 728 1118 acie
744 1059 906 1131 comitante,
923 1059 1048 1118 Camilla

310 1142 446 1213 occurrit,
460 1140 607 1220 portisque
622 1140 657 1198 ab
672 1161 747 1219 equo
760 1141 857 1216 regina
871 1141 922 1198 sub
936 1140 1003 1218 ipsis

311 1222 436 1293 desiluit,
452 1243 538 1300 quam
553 1237 611 1280 tota
626 1224 728 1292 cohors
742 1221 851 1279 imitata
864 1221 969 1280 relictis
1145 1251 1181 1289 500

311 1302 347 1362 ad
360 1318 465 1362 terram
479 1302 601 1362 defluxit
616 1303 716 1380 equis;
738 1319 800 1361 tum
816 1301 882 1359 talia
895 1302 987 1360 fatur:

291 1383 423 1455 ‘Turne,
438 1383 480 1442 sui
496 1384 598 1442 merito
612 1383 635 1441 si
650 1405 707 1461 qua
721 1398 764 1442 est
778 1381 884 1442 fiducia
897 1382 973 1455 forti,

310 1462 401 1522 audeo
416 1478 445 1521 et
458 1463 627 1522 Aeneadum
643 1464 779 1542 promitto
792 1483 940 1522 occurrere
954 1479 1078 1534 turmae,

309 1543 424 1620 solaque
439 1543 606 1619 Tyrrhenos
622 1544 732 1621 equites
747 1544 787 1602 ire
802 1543 885 1602 obvia
899 1559 1007 1602 contra.

309 1643 355 1682 me
370 1623 431 1681 sine
445 1624 537 1701 prima
551 1644 639 1683 manu
655 1640 796 1702 temptare
809 1625 937 1702 pericula
950 1624 1038 1682 belli:

309 1720 341 1763 tu
355 1705 441 1783 pedes
456 1704 491 1763 ad
506 1725 600 1764 muros
615 1705 746 1776 subsiste,
761 1721 790 1764 et
804 1704 916 1764 moenia
929 1703 1027 1764 serva.'

309 1786 429 1844 Turnus
444 1784 574 1857 adhaec,
591 1787 690 1845 oculos
705 1786 846 1845 horrenda
860 1785 890 1844 in
905 1784 1015 1860 virgine
1030 1785 1126 1844 fixus:

289 1875 326 1925 ‘o
340 1867 428 1926 decus
443 1867 542 1925 Italiae
557 1867 645 1943 virgo,
662 1888 730 1946 quas
744 1867 841 1926 dicere
854 1881 954 1942 grates,

308 1967 412 2026 quasve
427 1948 531 2006 referre
546 1953 664 2024 parem?
686 1949 734 2008 sed
747 1968 835 2016 nunc,
851 1963 894 2005 est
907 1946 1003 2005 omnia
1018 1948 1139 2025 quando

307 2028 360 2087 iste
376 2029 488 2087 animus
502 2049 594 2105 supra,
610 2049 726 2087 mecum
741 2028 846 2107 partire
859 2028 994 2087 laborem.
1145 2057 1181 2095 510

307 2109 428 2178 Aeneas,
445 2123 477 2167 ut
491 2110 567 2167 fama
582 2109 670 2168 iidem
684 2109 820 2188 missique
833 2123 979 2186 reportant

308 2189 508 2265 exploratores,
524 2190 657 2268 equitum
673 2189 747 2248 levia
761 2189 896 2266 inprobus
911 2209 987 2248 arma

306 2269 461 2346 praemisit,
476 2285 628 2348 quaterent
644 2290 778 2347 campos;
800 2270 859 2347 ipse
873 2270 959 2327 ardua
973 2269 1084 2329 montis

305 2369 357 2427 per
371 2349 482 2408 deserta
496 2351 564 2426 iugo
578 2370 714 2428 superans
729 2351 864 2408 adventat
878 2350 913 2409 ad
927 2350 1039 2409 urbem.

306 2430 381 2488 furta
394 2452 463 2508 paro
477 2430 548 2490 belli
564 2451 696 2489 convexo
710 2430 741 2489 in
757 2431 870 2489 tramite
885 2431 980 2502 silvae,

307 2526 339 2569 ut
354 2511 441 2569 bivias
456 2527 564 2570 armato
580 2511 707 2570 obsidam
723 2510 816 2570 milite
832 2512 936 2571 fauces.

306 2606 338 2650 tu
354 2592 541 2668 Tyrrhenum
557 2593 686 2671 equitem
702 2592 811 2650 collatis
826 2593 928 2669 excipe
942 2591 1048 2668 signis;

306 2687 403 2731 tecum
417 2693 482 2732 acer
498 2674 649 2750 Messapus
664 2672 728 2745 erit,
743 2688 912 2750 turmaeque
925 2672 1057 2743 Latinae,

306 2753 481 2831 Tiburtique
497 2774 617 2825 manus3
638 2754 720 2812 ducis
735 2769 764 2812 et
778 2769 810 2812 tu
825 2754 947 2830 concipe
961 2752 1079 2812 curam?

304 2833 346 2892 sic
361 2835 407 2906 ait,
424 2851 452 2893 et
466 2834 581 2911 paribus
598 2835 766 2913 Messapum
781 2834 812 2894 in
827 2834 935 2912 proelia
950 2833 1035 2892 dictis
1145 2863 1181 2900 520

305 2915 433 2974 hortatur
448 2915 595 2993 sociosque
610 2914 707 2988 duces,
724 2932 753 2974 et
767 2915 904 2993 pergitin
919 2916 1040 2974 bostem.

306 3011 347 3052 est
361 3015 449 3054 curvo
464 2996 593 3054 anfractu
610 2997 708 3067 valles,
723 2996 909 3054 adcommoda
923 2994 1015 3053 fraudi

305 3095 506 3154 armorumque
521 3077 603 3145 dolis,
619 3096 707 3154 quam
721 3076 815 3135 densis
831 3075 979 3134 frondibus
994 3089 1089 3133 atrum

306 3172 406 3229 urguet
421 3157 567 3234 utrimque
583 3159 676 3227 latus;
697 3156 791 3215 tenuis
805 3177 863 3234 quo
879 3155 976 3214 semita
991 3153 1085 3225 ducit,

305 3251 497 3313 angustaeque
512 3239 610 3296 ferunt
624 3237 720 3296 fauces
736 3236 884 3314 aditusque
899 3235 1028 3310 maligni.

304 3316 378 3373 hanc
421 3335 505 3408 super
546 3317 577 3376 in
620 3316 744 3396 speculis
784 3336 954 3394 summoque
996 3315 1028 3374 in
1068 3314 1181 3374 vertice

385 3411 492 3454 montis
