2568 4114
416 341 583 390 nuumnos
599 342 663 391 nis.
680 343 744 391 v111
982 345 1030 407 269

165 471 296 532 nascenti
312 471 359 530 cui
375 487 431 530 tres
446 472 553 530 animas
569 472 690 531 Feronia
703 489 801 544 mater,

164 553 342 613 horrendum
356 553 447 625 dictu,
463 553 581 613 dederat
593 579 603 626 ;
624 569 706 613 terna
720 574 797 612 arma
811 553 962 625 movenda,

165 649 209 693 ter
222 634 283 692 leto
297 635 467 693 sternendus
482 650 563 707 erat;
584 635 631 694 cui
646 649 709 694 tum
724 649 822 693 tamen
837 654 937 694 omnes

165 713 285 774 abstulit
297 715 370 774 haec
386 715 495 774 animas
509 715 611 774 dextra
626 731 656 775 et
671 715 792 773 totidem
807 715 888 773 exuit
902 715 1009 776 armis:

164 816 225 854 non
240 815 294 872 ego
308 816 388 855 nunc
403 795 483 855 dulci
499 796 635 874 amplexu
650 795 804 854 divellerer
818 816 948 874 usquam,

164 892 242 949 nate,
257 892 329 948 tuo;
350 896 448 955 neque
462 876 588 936 finitimo
605 876 772 936 Mezentius
787 896 926 954 umquam

163 957 233 1016 huic
248 957 336 1034 capiti
351 957 494 1016 insultans
508 973 552 1016 tot
567 958 642 1016 ferro
656 979 738 1016 saeva
751 957 875 1016 dedisset
994 987 1032 1026 ⁵70

164 1037 276 1111 funera,
291 1053 351 1097 tam
366 1037 466 1097 multis
480 1037 624 1100 viduasset
640 1038 752 1098 civibus
767 1038 877 1098 urbem.

163 1134 193 1178 at
207 1139 267 1191 vos,
281 1139 300 1176 o
313 1119 419 1196 superi,
435 1134 464 1178 et
479 1118 577 1178 divom
593 1135 625 1178 tu
640 1119 767 1178 maxime
781 1134 876 1178 rector

163 1199 306 1278 Iuppiter,
320 1199 449 1272 Arcadii,
464 1220 580 1278 quaeso,
595 1200 770 1259 miserescite
784 1199 867 1276 regis,

164 1296 193 1339 et
206 1279 311 1358 patrias
326 1279 425 1338 audite
440 1300 548 1359 preces.
578 1280 601 1340 si
617 1281 740 1339 numina
754 1296 849 1340 vestra

163 1360 341 1420 incolumem
358 1360 489 1420 Pallanta
504 1361 586 1433 mihi,
601 1361 624 1420 si
640 1361 699 1420 fata
713 1377 866 1432 reservant,

163 1441 186 1499 si
201 1441 311 1500 visurus
326 1461 394 1500 eum
408 1441 475 1504 vivo
488 1458 519 1502 et
532 1457 670 1501 venturus
686 1442 717 1500 in
732 1461 834 1514 unum,

162 1521 253 1581 vitam
267 1543 338 1590 or03
358 1523 452 1600 patior
466 1522 598 1602 quemvis
612 1523 716 1582 durare
731 1522 860 1582 laborem
874 1545 881 1582 :

163 1602 207 1661 sin
222 1603 347 1682 aliquem
363 1603 517 1664 infandum
533 1624 641 1676 casum,
656 1605 794 1675 Fortuna,
807 1603 934 1675 minaris,

163 1704 253 1756 nunc,
267 1704 285 1742 o
299 1704 380 1743 nunc
396 1684 483 1744 liceat
498 1685 647 1744 crudelem
662 1684 833 1762 abrumpere
848 1684 947 1754 vitam,

162 1764 233 1823 dum
247 1785 333 1823 curae
347 1765 508 1841 ambiguae,
519 1766 592 1824 dum
607 1785 670 1842 spes
685 1764 794 1822 incerta
809 1763 908 1835 futuri,
992 1781 1032 1831 580

162 1844 234 1902 dum
249 1861 287 1916 te,
303 1865 368 1904 care
383 1866 463 1922 puer,
479 1865 544 1904 mea
559 1845 619 1904 sola
634 1860 664 1902 et
679 1865 740 1902 sera
754 1843 896 1921 voluptas,

163 1926 316 2003 complexu
333 1941 440 1996 teneo;
461 1925 574 2001 gravior
589 1945 646 1983 neu
662 1924 782 1982 nuntius
797 1944 877 1982 aures

162 2003 314 2066 vulneret!
355 2008 426 2064 haec
441 2005 555 2080 genitor
572 2005 699 2080 digressu
714 2004 792 2063 dicta
806 2024 940 2082 supremo

162 2085 326 2144 fundebat:
348 2085 449 2144 famuli
464 2085 625 2163 collapsum
640 2085 672 2144 in
687 2099 764 2145 tecta
778 2085 919 2144 ferebant.

203 2166 318 2244 iamque
333 2165 405 2224 adeo
420 2165 529 2225 exierat
543 2166 634 2243 portis
650 2166 795 2246 equitatus
809 2166 924 2244 apertis,
946 2231 951 2236 „

161 2248 276 2306 Aeneas
291 2246 368 2305 inter
381 2246 488 2324 primos
504 2263 534 2306 et
549 2246 621 2305 fidus
635 2248 770 2319 Achates,

161 2327 232 2386 inde
247 2327 296 2386 alii
312 2327 421 2386 Troiae
435 2348 567 2406 proceres
580 2352 590 2399 ;
611 2327 672 2406 ipse
687 2327 801 2403 agmine
817 2328 909 2385 Pallas

162 2408 193 2466 in
209 2407 316 2480 medio,
332 2408 486 2485 chlamyde
500 2424 529 2468 et
544 2409 632 2487 pictis
647 2423 822 2486 conspectus
836 2407 867 2464 in
883 2406 987 2466 armis=

162 2489 255 2567 qualis
271 2488 320 2547 ubi
337 2488 451 2548 Oceani
466 2490 599 2567 perfusus
615 2489 736 2548 Lucifer
750 2487 838 2560 unda,

163 2590 251 2648 quem
265 2569 367 2629 Venus
382 2585 450 2629 ante
465 2570 536 2636 alios
551 2585 692 2630 astrorum
707 2569 803 2646 diligit
818 2569 907 2644 ignes,
990 2597 1030 2639 ⁵90

163 2650 271 2710 extulit
284 2671 315 2710 os
330 2671 443 2710 sacrum
457 2651 538 2710 caelo
554 2652 744 2730 tenebrasque
758 2650 885 2709 resolvit.

162 2746 240 2791 stant
253 2731 375 2809 pavidae
389 2732 421 2790 in
436 2732 524 2791 muris
539 2749 644 2792 matres
659 2732 809 2810 oculisque
825 2743 987 2808 sequuntur

162 2811 329 2890 pulveream
345 2813 454 2872 nubem
469 2829 499 2873 et
513 2811 658 2889 fulgentes
673 2834 738 2872 aere
753 2828 889 2871 catervas.

163 2892 214 2951 olli
230 2913 281 2970 per
295 2893 407 2967 dumos,
422 2915 478 2973 qua
492 2893 624 2972 proxima
638 2909 715 2953 meta
729 2893 848 2966 viarum,

162 2973 264 3032 armati
279 2974 426 3044 tendunt3
447 2974 471 3034 it
485 2976 603 3046 clamor,
618 2990 648 3034 et
662 2974 776 3051 agmine
792 2973 869 3032 facto

162 3053 403 3132 quadrupedante
413 3071 528 3133 putrem
540 3056 637 3114 sonitu
652 3055 748 3134 quatit
761 3053 870 3130 ungula
882 3073 1029 3132 campum.

163 3149 206 3192 est
220 3134 322 3210 ingens
336 3135 466 3212 gelidum
481 3135 564 3194 lucus
577 3156 669 3214 prope
684 3132 809 3195 Caeritis
824 3154 950 3207 amnem,

162 3213 302 3290 religione
316 3231 432 3293 patrum
446 3216 505 3277 late
520 3235 619 3287 sacer;
640 3216 770 3294 undique
784 3215 873 3274 colles

163 3294 307 3354 inclusere
322 3296 385 3355 cavi
401 3311 431 3356 et
445 3296 525 3373 nigra
540 3317 641 3356 nemus
656 3295 751 3356 abiete
767 3296 898 3373 cingunt.

200 3392 247 3456 5⁶9
264 3409 370 3458 utquam.
438 3405 485 3457 579
501 3409 565 3443 nunc
581 3409 644 3445 nuuc
661 3411 683 3445 0.
751 3394 797 3457 582
813 3395 952 3457 complexus.
