2556 4116
248 409 278 441 ro
520 393 547 440 P.
564 391 707 439 VERGILI
725 392 882 440 MARONIS

287 529 374 590 teque
390 513 461 571 adeo
474 512 562 570 decus
576 513 631 570 hoc
647 511 720 582 aevi,
734 527 762 570 te
777 512 907 582 consule,
922 511 1018 584 inibit,

288 594 391 664 Pollio,
406 609 435 652 et
449 592 593 671 incipient
606 593 704 669 magni
719 593 875 670 procedere
890 613 1000 652 menses
1013 619 1022 664 ;

287 690 315 733 te
331 675 413 746 duce,
429 675 450 732 si
467 695 523 753 qua
538 689 657 732 manent
671 674 785 732 sceleris
800 674 917 749 vestigia
933 675 1032 745 nostri,

287 754 374 814 inrita
388 772 526 832 perpetua
542 755 653 813 solvent
668 755 822 813 formidine
838 771 934 813 terras.

286 837 337 894 ille
352 836 439 894 deum
453 836 541 894 vitam
556 837 678 913 accipiet
692 836 822 914 divisque
837 835 947 893 videbit

286 917 441 994 permixtos
456 918 564 987 heroas,
580 917 684 994 etipse
698 916 843 975 videbitur
856 916 924 986 illis,

286 1014 479 1076 pacatumque
494 1013 573 1073 reget
586 999 685 1076 patriis
699 998 855 1056 virtutibus
868 997 977 1055 orbem.
1008 1020 1012 1035 r

287 1094 316 1136 at
332 1079 385 1136 tibi
400 1079 502 1156 prima,
516 1099 597 1156 puer,
614 1079 695 1136 nullo
709 1079 881 1136 munuscula
895 1078 977 1136 cultu

288 1175 413 1217 errantes
428 1159 545 1217 hederas
559 1160 665 1236 passim
680 1179 748 1216 cum
762 1160 882 1216 baccare
897 1159 982 1216 tellus

287 1240 434 1317 mixtaque
449 1240 555 1297 ridenti
572 1239 712 1298 colocasia
727 1239 832 1297 fundet
846 1241 977 1298 acantho.
1131 1269 1158 1295 ω

287 1321 364 1398 ipsae
379 1321 454 1378 lacte
469 1320 589 1378 domum
604 1322 729 1378 referent
743 1320 868 1378 distenta
882 1320 1009 1398 capellae

288 1401 386 1470 ubera,
401 1421 455 1458 nec
470 1420 588 1475 magnos
604 1416 736 1459 metuent
750 1415 878 1458 armenta
893 1402 1000 1460 leones.

287 1482 348 1560 ipsa
363 1480 416 1538 tibi
431 1480 552 1538 blandos
567 1481 691 1539 fundent
705 1480 852 1538 cunabula
865 1479 958 1540 flores.

287 1562 401 1620 occidet
416 1577 445 1620 et
459 1581 586 1638 serpens,
601 1577 629 1619 et
644 1562 732 1619 fallax
747 1563 834 1619 herba
847 1562 954 1620 veneni

288 1642 423 1713 occidet3
443 1642 589 1718 Assyrium
604 1642 691 1718 vulgo
706 1658 839 1700 nascetur
853 1663 1008 1700 amomum.

288 1739 317 1782 at
331 1723 417 1781 simul
432 1725 553 1781 heroum
568 1723 665 1781 laudes
681 1739 709 1781 et
724 1723 800 1781 facta
813 1723 938 1800 parentis

287 1805 346 1862 iam
361 1804 455 1879 legere
470 1819 498 1862 et
513 1825 585 1881 quae
600 1803 635 1861 sit
649 1804 755 1882 poteris
770 1823 943 1879 cognoscere
957 1804 1056 1874 virtus,

288 1884 369 1943 molli
384 1885 525 1962 paulatim
540 1884 674 1942 flavescet
689 1905 805 1962 campus
820 1885 911 1956 arista,

288 1965 463 2042 incultisque
477 1966 582 2023 rubens
597 1965 735 2043 pendebit
750 1965 877 2024 sentibus
893 1985 954 2037 uva,

289 2061 318 2104 et
331 2045 418 2103 durae
433 2065 555 2124 quercus
571 2046 714 2104 sudabunt
728 2046 839 2104 roscida
851 2045 948 2104 mella.
1131 2075 1157 2113 30

287 2147 380 2204 pauca
395 2141 491 2184 tamen
506 2126 644 2184 suberunt
657 2127 767 2205 priscae
781 2127 900 2202 vestigia
915 2126 1030 2197 fraudis,

289 2227 361 2284 quae
377 2222 519 2284 temptare
534 2207 657 2265 Thetim
672 2207 789 2278 ratibus,
804 2229 877 2285 quae
892 2208 1007 2283 cingere
1022 2207 1108 2264 muris

289 2287 404 2365 oppida,
419 2308 492 2365 quae
508 2287 628 2346 iubeant
643 2288 740 2346 telluri
755 2288 897 2346 infindere
911 2289 1014 2347 sulcos.

289 2370 362 2426 alter
378 2368 432 2426 erit
446 2384 509 2426 tum
525 2368 649 2446 Tiphys,
664 2384 693 2426 et
708 2370 797 2427 altera
812 2389 883 2446 quae
898 2370 983 2427 vehat
997 2369 1074 2443 Argo

289 2449 415 2507 delectos
430 2451 528 2507 heroas
541 2474 550 2519 ;
572 2465 659 2507 erunt
674 2449 761 2508 etiam
776 2449 865 2506 altera
879 2448 965 2519 bella,

290 2546 375 2608 atque
390 2529 495 2588 iterum
509 2529 545 2588 ad
561 2530 681 2587 Troiam
696 2549 816 2604 magnus
830 2527 963 2586 mittetur
976 2528 1118 2587 Achilles.

289 2611 369 2680 hinc,
384 2610 433 2669 ubi
448 2611 506 2668 iam
521 2611 631 2668 firmata
645 2609 740 2667 virum
755 2625 784 2668 te
798 2609 900 2667 fecerit
915 2625 998 2681 aetas,

290 2690 373 2750 cedet
388 2705 416 2750 et
431 2691 492 2768 ipse
507 2691 578 2748 mari
594 2706 702 2760 vector,
718 2711 772 2748 nec
788 2689 904 2750 nautica
918 2690 1003 2768 pinus

289 2771 413 2829 mutabit
427 2792 558 2830 merces:
579 2771 672 2829 omnis
688 2771 760 2829 feret
774 2770 872 2829 omnia
887 2771 982 2830 tellus.

290 2871 348 2909 non
364 2867 465 2910 rastros
478 2853 603 2931 patietur
618 2853 734 2924 humus,
747 2871 806 2910 non
822 2851 907 2910 vinea
921 2851 1026 2911 falcem
1040 2875 1048 2922 ;
1131 2883 1158 2919 40

289 2931 420 2990 robustus
435 2953 551 3012 quoque
566 2932 623 2991 iam
639 2933 725 2991 tauris
739 2933 805 3008 iuga
820 2933 910 2991 solvet
924 2949 1015 2992 arator
1028 2959 1036 3004 ;

290 3033 344 3071 nec
360 3013 451 3070 varios
466 3014 558 3072 discet
572 3014 688 3072 mentiri
705 3015 770 3072 lana
785 3015 903 3085 colores,

290 3093 350 3170 ipse
365 3093 459 3152 sedin
473 3095 562 3172 pratis
577 3094 649 3153 aries
663 3095 720 3154 iam
735 3116 821 3154 suave
835 3094 951 3153 rubenti

290 3173 410 3244 murice,
424 3174 480 3231 iarn
496 3195 597 3234 croceo
612 3176 734 3234 mutabit
747 3177 855 3234 vellera
868 3176 931 3234 luto
944 3201 953 3247 3

290 3270 390 3331 sponte
405 3275 454 3312 sua
469 3257 576 3332 sandyx
591 3272 740 3334 pascentes
754 3257 857 3316 vestiet
871 3277 986 3333 agnos.;·

270 3340 279 3365 ‘
295 3335 363 3392 talia
379 3335 491 3406 saecla'
506 3337 562 3394 suis
577 3337 723 3409 dixerunt,
740 3338 885 3409 ‘currite,'
900 3339 970 3397 fusis

290 3417 446 3474 concordes
462 3416 555 3474 stabili
571 3417 696 3476 fatorum
711 3419 832 3477 numine
849 3420 963 3478 Parcae.
