2568 4114
243 406 291 458 250
512 393 539 444 r.
557 392 699 441 vunonr
717 393 874 441 unnours

283 545 340 582 una
352 523 454 599 ingens
468 521 619 582 Amiterna
634 523 736 580 cohors
750 521 896 600 priscique
912 521 1052 600 Quirites,
1111 553 1154 591 710

283 604 363 663 Ereti
379 624 482 662 manus
496 603 591 663 omnis
605 601 813 680 oliviferaeque
829 602 985 662 Mutuscae
997 627 1007 670 ς

273 684 333 764 ‚qui
349 684 534 743 Nomentum
549 685 661 755 urbem,
676 682 726 761 qui
742 683 835 742 Rosea
850 703 915 741 rura
930 683 1042 757 Velini,

303 786 332 823 ur
325 765 486 824 Tetricae
500 764 644 823 horrentis
659 783 743 842 rupes
759 779 948 842 montemque
965 765 1102 823 Severum

282 789 510 924 {asperumque
520 846 622 904 colunt
632 845 812 938 Forulosque
821 860 850 903 et
859 844 968 903 flumen
979 844 1152 918 Himellae;

284 948 333 1007 qur
325 926 485 985 Tiberim
500 926 690 1004 Fabarimque
705 925 821 998 bibunt,
836 946 907 1004 quos
922 925 1025 1001 frigida
1039 925 1120 984 misit

283 1007 399 1079 Nursia,
416 1021 445 1066 et
460 1006 584 1066 Ortinae
598 1007 701 1065 classes
715 1006 876 1085 populique
891 1005 1000 1078 Latini,

283 1108 413 1168 quosque
427 1109 526 1148 secans
541 1088 702 1146 infaustum
716 1086 851 1145 interluit
864 1086 942 1146 Allia
956 1107 1088 1147 nomen:

282 1189 370 1248 quam
385 1168 470 1228 multi
486 1167 597 1246 Libyco
611 1169 770 1227 volvuntur
783 1187 925 1226 marmore
938 1165 1053 1240 fluctus,

283 1270 381 1310 saevus
397 1249 446 1308 ubi
463 1249 556 1307 Orion
571 1248 700 1308 hibernis
715 1249 852 1308 conditur
866 1248 973 1320 undis3

282 1330 330 1389 vel
344 1351 413 1389 curn
427 1329 488 1388 sole
503 1350 580 1388 novo
594 1330 700 1390 densae
716 1344 863 1388 torrentur
877 1328 988 1401 aristae,
1114 1359 1155 1398 ,ω

283 1426 334 1470 aut
348 1409 454 1469 Hermi
469 1430 582 1489 campo,
597 1425 648 1469 aut
662 1409 770 1487 Lyciae
785 1409 957 1468 flaventibus
973 1409 1056 1469 arvis.

283 1505 364 1550 scuta
379 1506 493 1564 sonant,
508 1491 651 1569 pulsuque
665 1491 775 1569 pedum
789 1490 947 1550 conterrita
962 1491 1059 1550 tellus.

323 1571 394 1630 hinc
407 1571 665 1646 Agamemnonius,
681 1571 804 1630 Troiani
820 1571 946 1631 nominis
959 1570 1060 1642 hostis,

283 1671 369 1711 curru
384 1651 477 1728 iungit
493 1651 619 1710 Halesus
635 1671 733 1729 equos,
749 1653 912 1732 Turnoque
927 1653 1037 1711 feroces

283 1732 365 1791 mille
379 1732 455 1812 rapit
469 1733 600 1810 populos,
615 1747 735 1791 vertunt
749 1733 847 1792 felicia
862 1733 979 1792 Baccho

285 1812 411 1874 Massica
425 1813 475 1892 qui
490 1812 596 1885 rastris,
611 1829 641 1872 et
655 1835 726 1892 quos
741 1814 777 1872 de
791 1813 917 1873 collibus
930 1813 995 1873 altis

282 1893 416 1953 Aurunci
431 1894 536 1953 misere
549 1910 654 1974 patres,
671 1894 881 1973 Sidicinaque
872 1909 952 1953 iuxta

284 1995 430 2054 aequom
451 1975 560 2053 quique
576 1975 661 2035 Cales
676 1975 825 2054 linquunt,
840 1975 989 2053 amnisque
1003 1974 1103 2032 vadosi

284 2056 381 2115 accola
396 2055 545 2127 Volturni,
560 2055 725 2136 pariterque
740 2055 885 2115 Saticulus
899 2077 989 2134 asper,

284 2137 487 2213 Oscorumque
502 2156 613 2197 manus.
655 2151 761 2195 teretes
776 2151 844 2196 sunt
858 2137 973 2214 aclydes
988 2136 1048 2194 illis
1115 2167 1155 2205 7³0

284 2217 364 2286 tela;
385 2217 436 2275 sed
450 2218 522 2276 haec
537 2218 619 2276 lento
633 2237 696 2276 mos
711 2233 754 2276 est
768 2232 867 2294 aptare
882 2216 1005 2293 flagello.

283 2297 378 2357 laeuas
391 2313 486 2356 caetra
500 2297 572 2374 tegit
585 2322 595 2369 ;
616 2297 715 2356 falcati
731 2297 894 2356 comminus
909 2317 999 2356 enses.

325 2399 379 2437 nec
395 2393 426 2438 tu
442 2378 619 2437 carminibus
634 2377 738 2437 nostris
753 2378 881 2438 indictus
896 2377 997 2450 abibis,

284 2459 409 2530 Oebale,
423 2479 510 2537 quem
524 2478 675 2536 generasse
690 2459 789 2517 Telon
806 2458 963 2519 Sebethide
979 2461 1110 2537 nympha

283 2541 384 2612 fertur,
400 2539 568 2600 Teleboum
584 2539 710 2618 Capreas
725 2560 793 2598 cum
807 2559 894 2616 regna
909 2554 1032 2611 teneret,

283 2620 341 2679 iam
355 2619 452 2678 senior
464 2644 473 2691 ;
494 2619 593 2699 patriis
607 2621 659 2679 sed
673 2641 731 2679 non
748 2635 778 2678 et
792 2619 868 2678 filius
883 2619 957 2679 arvis

283 2715 441 2760 contentus
456 2701 513 2759 late
528 2700 586 2759 iam
601 2716 664 2760 tum
678 2701 794 2762 dicione
809 2702 960 2779 premebat

285 2782 424 2841 Sarrastes
438 2781 561 2860 populos
577 2796 606 2840 et
621 2793 695 2860 quae
708 2781 782 2858 rigat
797 2802 921 2861 aequora
936 2783 1052 2854 Sarnus,

284 2862 391 2940 quique
432 2861 536 2921 Rufras
574 2861 772 2942 Ratulumque
813 2877 917 2922 tenent
957 2877 1044 2941 atque
1086 2883 1156 2921 arva

366 2943 536 3016 Celemnae,

284 3038 313 3081 et
328 3044 398 3101 quos
414 3024 563 3082 maliferae
578 3023 748 3102 despectant
762 3025 879 3084 moenia
892 3024 1027 3094 Abellae,
1116 3054 1157 3091 74⁰

283 3103 490 3164 Teutonico'
468 3120 526 3164 rrtu
540 3104 616 3164 soliti
631 3121 765 3186 torquere
780 3105 907 3172 cateias;

284 3183 412 3259 tegmina
425 3185 490 3264 quis
505 3185 634 3264 capitum
648 3201 746 3264 raptus
760 3186 797 3244 de
812 3187 914 3245 subere
928 3201 1039 3257 cortex,

283 3279 455 3343 aerataeque
469 3266 580 3325 micant
594 3267 700 3360 peltae,
716 3266 805 3327 micat
820 3277 918 3325 aere'us
934 3265 1019 3325 ensis

325 3359 353 3403 et
367 3361 397 3404 te
411 3361 557 3405 montosae
572 3347 672 3406 misere
688 3348 719 3406 in
734 3347 842 3426 proelia
855 3347 975 3418 Nersae,

522 3453 568 3502 737
586 3441 686 3490 tenebat.
753 3441 799 3503 738
816 3457 869 3504 qua.
