2568 4114
254 360 298 424 178
366 359 394 408 P.
411 357 555 406 VERGILI
572 355 730 404 MARONIS
747 355 915 406 AENEIDOS
934 357 997 406 LIB.
1015 359 1055 406 tv

294 510 348 569 per
361 489 471 549 medios
484 487 551 560 ruit,
567 507 600 546 ac
615 485 789 546 morientem
803 487 922 546 nomine
937 488 1060 547 clamat:

276 574 351 631 ‘hoc
366 570 450 642 illud,
465 565 611 646 germana,
627 567 702 626 fuit?
723 587 770 626 ure
785 568 886 626 fraude
900 569 1035 646 petebas?

294 654 350 711 boc
365 671 449 728 rogus
463 650 515 708 iste
530 649 611 720 mihi,
626 651 682 708 hoc
698 647 779 724 ignes
793 669 914 727 araeque
928 650 1087 726 parabant?

295 733 366 812 quid
380 732 506 810 primum
521 731 632 790 deserta
647 733 769 807 querar?
789 730 966 789 comitemne
981 751 1106 789 sororem

295 813 423 891 sprevisti
439 812 582 870 moriens?
624 810 727 869 eadem
741 829 788 868 me
803 810 913 874 adfata
925 831 1072 870 vocasses:
1105 823 1108 830 '

294 895 374 954 idem
389 894 486 952 ambas
501 893 579 951 ferro
593 891 684 964 dolor,
701 907 787 969 atque
802 891 903 950 eadem
917 892 988 950 bora
1003 892 1124 951 tulisset.

294 975 339 1033 his
355 974 442 1034 etiam
457 973 547 1032 struxi
562 973 705 1045 manibus,
721 971 884 1050 patriosque
898 972 998 1031 vocavi
1125 991 1164 1032 sao

294 1076 365 1115 voce
380 1056 458 1128 deos,
473 1054 513 1114 sic
529 1069 558 1113 te
573 1067 606 1113 ut
618 1054 712 1132 posita
727 1053 852 1112 crudelis
867 1053 1014 1112 abessem?

295 1135 433 1196 exstinxti
448 1151 477 1194 te
492 1155 606 1214 meque,
622 1155 708 1206 soror,
724 1134 924 1213 populumque
937 1151 1090 1212 patresque

296 1216 438 1289 Sidonios,
453 1216 613 1295 urbemque
629 1230 718 1274 tuam.
760 1215 827 1274 date
842 1215 962 1274 vulnera
977 1215 1102 1292 lymphis

295 1297 411 1356 abluam
426 1313 464 1370 et,
479 1312 624 1356 extremus
640 1296 663 1354 si
679 1295 742 1374 quis
757 1316 842 1374 super
855 1295 962 1355 halitus
978 1311 1061 1367 errat,

294 1398 344 1437 ore
358 1377 474 1453 legam?
516 1376 556 1435 sic
571 1378 630 1436 fata
646 1377 749 1454 gradus
765 1392 890 1436 evaserat
904 1377 985 1449 altos,

295 1457 553 1536 semianimemque
568 1457 634 1516 sinu
649 1477 816 1534 germanam
831 1457 962 1535 amplexa
977 1457 1094 1516 fovebat

295 1559 362 1599 curn
377 1538 496 1614 gemitu,
512 1553 599 1616 atque
615 1554 690 1596 atros
705 1537 831 1597 siccabat
845 1553 924 1596 veste
939 1557 1062 1598 cruores.

294 1619 354 1691 illa,
369 1639 468 1695 graves
482 1619 581 1677 oculos
598 1634 702 1677 conata
716 1619 859 1692 attollere,
874 1640 967 1678 rursus

267 1707 270 1714 '
295 1700 413 1770 deficit3
434 1699 557 1759 infixum
572 1699 667 1758 stridit
682 1699 734 1758 sub
748 1715 866 1778 pectore
881 1700 995 1760 vulnus.

296 1798 339 1840 ter
354 1801 414 1840 sese
429 1780 564 1841 attollens
580 1780 739 1860 cubitoque
753 1781 857 1840 adnixa
872 1781 996 1840 levavit:
1124 1799 1161 1850 ⁶90

294 1877 340 1922 ter
353 1863 484 1920 revoluta
499 1877 562 1920 toro
576 1877 627 1934 est,
643 1861 794 1940 oculisque
809 1861 968 1920 eirantibus
983 1861 1041 1920 alto

294 1943 437 2021 quaesivit
451 1943 532 2000 caelo
546 1941 657 2014 lucem,¹
669 1942 869 2021 ingemuitque
885 1957 1006 2020 reperta.

336 2038 398 2082 tum
412 2025 488 2081 Iuno
502 2023 697 2100 omnipotens,
713 2023 832 2099 longum
847 2023 979 2082 miserata
993 2023 1124 2082 dolorem

294 2102 483 2182 difficilesque
498 2103 602 2177 obitus,
618 2104 690 2162 Irim
704 2103 820 2163 demisit
835 2105 972 2181 Olympo,

294 2204 368 2262 quae
382 2184 545 2243 luctantem
559 2185 687 2244 animam
703 2205 849 2264 nexosque
864 2185 1019 2244 resolveret
1033 2200 1119 2244 artus.

294 2285 371 2337 nam,
387 2265 454 2343 quia
470 2285 524 2326 nec
540 2266 600 2325 fato
614 2267 716 2325 merita
731 2286 786 2325 nec
801 2281 894 2325 morte
907 2265 1030 2343 peribat

294 2346 344 2404 sed
359 2345 462 2406 misera
477 2348 647 2420 antediem,
663 2347 815 2426 subitoque
829 2367 949 2406 accensa
964 2347 1070 2418 furore,

293 2427 420 2488 necdum
434 2428 478 2486 illi
493 2427 600 2487 flavum
616 2429 785 2506 Proserpina
799 2428 907 2487 vertice
922 2428 1033 2498 crinem

293 2509 458 2582 abstulerat,
475 2510 630 2588 Stygioque
646 2525 733 2586 caput
747 2509 932 2568 damnaverat
946 2511 1036 2568 Orco.

293 2609 360 2666 ergo
375 2590 428 2648 Iris
444 2591 551 2649 croceis
567 2611 619 2669 per
633 2590 747 2649 caelum
763 2589 874 2649 roscida
889 2589 995 2667 pinnis,
1122 2618 1160 2657 700

293 2671 375 2730 mille
389 2673 506 2730 trahens
520 2671 612 2730 varios
628 2671 746 2728 adverso
761 2671 820 2730 sole
834 2671 953 2744 colores,

293 2749 418 2824 devolat,
434 2767 463 2810 et
478 2772 563 2829 supra
578 2765 665 2829 caput
679 2751 807 2812 adstitit:
830 2753 926 2810 ‘hunc
942 2771 995 2826 ego
1008 2751 1072 2810 Diti

293 2852 405 2890 sacrum
419 2832 580 2905 iussa-iero,
596 2847 683 2910 teque
697 2833 752 2891 isto
767 2852 886 2910 corpore
901 2830 998 2890 solv0.'

293 2912 333 2971 sic
349 2913 398 2986 ait,
415 2930 444 2973 et
458 2913 558 2972 dextra
573 2912 685 2972 crinem
700 2929 786 2972 secat.
827 2912 921 2972 omnis
937 2927 965 2970 et
980 2932 1037 2971 una

293 2992 419 3071 dilapsus
434 2994 520 3068 calor,
536 3009 622 3073 atque
636 2994 668 3052 in
682 3009 784 3053 ventos
798 2994 857 3053 vita
871 2992 997 3054 recessit.

616 3099 663 3166 698
680 3103 794 3152 nondum.
