2562 4114
265 369 310 432 328
535 370 561 417 P.
579 366 722 416 VERGILI
740 367 897 416 MARONIS

302 499 346 558 bis
361 518 443 557 senos
457 498 594 576 pepigere
608 496 679 567 dies,
695 511 724 555 et
738 516 808 574 pace
823 511 968 574 sequestra

301 600 353 659 per
366 579 450 638 silvas
466 577 577 638 Teucri
592 578 735 656 mixtique
750 577 862 656 inpune
876 577 973 636 Latini

302 681 428 720 erravere
443 659 525 736 iugis.
568 660 645 718 ferro
659 675 740 717 sonat
755 659 811 717 alta
824 659 943 736 bipenni

303 741 429 800 fraxinus
442 766 452 812 3
474 756 607 799 evertunt
621 755 696 800 actas
711 739 745 798 ad
761 739 852 798 sidera
865 739 949 817 pinus
962 765 971 810 ;

302 823 401 881 robora
415 841 469 880 nec
485 821 584 881 cuneis
596 837 626 880 et
639 821 768 880 olentem
784 821 914 879 scindere
929 821 1060 893 cedrum,

303 924 357 963 nec
373 902 505 981 plaustris
521 918 632 961 cessant
647 917 761 960 vectare
775 901 957 978 gementibus
971 923 1065 961 ornos.

343 999 372 1042 et
387 985 443 1042 iam
459 984 545 1042 Fama
558 984 665 1054 volans,
682 982 755 1041 tanti
771 982 942 1059 praenuntia
955 981 1062 1052 luctus,

302 1063 471 1124 Euandrum
486 1064 673 1142 Euandrique
688 1064 787 1122 domos
802 1078 831 1121 et
845 1061 959 1122 moenia
972 1064 1077 1141 replet,
1138 1097 1174 1132 ιφ

302 1166 375 1224 quae
390 1145 477 1204 modo
492 1145 630 1204 victorem
645 1144 729 1204 Latio
745 1145 874 1202 Pallanta
887 1143 1006 1203 ferebat.

302 1227 427 1286 Arcades
442 1227 478 1284 ad
491 1241 585 1304 portas
600 1245 690 1296 ruere,
706 1239 735 1283 et
750 1224 785 1284 de
799 1244 879 1283 more
893 1240 1007 1284 vetusto

302 1308 435 1366 funereas
450 1328 567 1384 rapuere
583 1308 658 1366 faces
666 1329 676 1375 3
698 1305 777 1365 lucet
791 1305 837 1364 via
851 1306 937 1382 longo

302 1388 403 1447 ordine
417 1387 609 1458 flammarum,
624 1403 653 1446 et
668 1388 724 1445 late
739 1385 918 1444 discriminat
932 1406 1019 1462 agros.

303 1484 405 1528 contra
418 1469 500 1528 turba
517 1469 661 1544 Phrygum
676 1467 794 1526 veniens
809 1467 974 1545 plangentia
988 1468 1119 1544 iungunt

302 1548 423 1624 agmina.
466 1569 538 1626 quae
553 1563 704 1626 postquam
720 1564 822 1606 matres
837 1549 991 1607 succedere
1006 1548 1091 1607 tectis

302 1630 448 1698 viderunt,
462 1644 598 1688 maestam
613 1629 776 1687 incendunt
790 1629 960 1688 clamoribus
975 1629 1089 1688 urbem.

301 1726 329 1769 at
344 1731 402 1769 non
419 1710 587 1768 Euandrum
603 1709 677 1787 potis
693 1724 735 1768 est
749 1709 792 1767 vis
807 1710 866 1767 ulla
880 1725 1000 1778 tenere;

301 1791 351 1850 sed
365 1789 491 1850 venitin
506 1790 626 1850 medios.
668 1791 773 1849 feretro
789 1791 917 1850 Pallanta
929 1806 1044 1868 reposto

301 1872 458 1951 procubuit
473 1892 567 1950 super,
583 1887 669 1950 atque
687 1872 787 1930 haeret
804 1871 1014 1948 lacrimansque
1033 1891 1168 1947 gemens-

382 1973 449 2032 qlle,
1134 1985 1169 2020 ¹50

301 2049 329 2092 et
343 2034 389 2092 via
405 2034 453 2091 vir
469 2034 585 2092 tandem
601 2033 664 2092 voci
680 2034 772 2092 laxata
785 2033 883 2092 dolore
898 2049 960 2092 est:

280 2120 359 2172 ‘non
374 2117 455 2183 haee,
471 2134 489 2172 o
505 2115 593 2185 Palla,
607 2114 724 2173 dederas
737 2114 875 2191 promissa
888 2113 1009 2191 parenti,

301 2195 411 2253 cautius
427 2209 459 2254 ut
474 2215 556 2254 saevo
571 2195 658 2254 velles
675 2212 702 2254 te
718 2195 834 2254 credere
850 2195 951 2254 Marti.

300 2275 377 2334 haud
392 2275 507 2351 ignarus
522 2296 607 2346 eram,
624 2291 765 2354 quantum
780 2296 855 2334 nova
868 2275 957 2351 gloria
970 2275 1000 2334 in
1016 2276 1103 2334 armis

300 2371 330 2414 et
345 2357 498 2433 praedulce
512 2357 599 2416 decus
614 2357 707 2432 primo
722 2357 878 2415 certamine
891 2372 994 2434 posset.

298 2436 443 2513 primitiae
458 2437 570 2496 iuvenis
584 2437 713 2507 miserae,
728 2437 855 2515 bellique
869 2437 1024 2516 propinqui

298 2517 369 2576 dura
383 2517 548 2577 rudimenta
561 2532 591 2577 et
606 2517 681 2576 nulli
697 2518 832 2577 exaudita
846 2518 965 2577 deorum

298 2613 365 2656 vota
379 2619 534 2676 precesque
550 2600 650 2658 meae!
674 2613 774 2676 tuque,
788 2619 806 2656 o
820 2599 997 2658 sanctissima
1011 2599 1152 2670 coniunx,

298 2678 369 2737 felix
385 2693 476 2738 morte
491 2695 548 2751 tua,
566 2699 661 2759 neque
676 2679 707 2737 in
722 2681 801 2739 hunc
816 2695 924 2738 servata
937 2680 1089 2739 dolorem!

298 2775 399 2818 contra
413 2779 465 2836 ego
480 2760 604 2819 vivendo
618 2759 676 2818 vici
691 2780 756 2818 mea
770 2761 839 2831 fata,
853 2775 993 2838 superstes
1132 2778 1168 2819 160

297 2855 432 2900 restarem
448 2856 480 2900 ut
494 2841 614 2916 genitor.
659 2840 773 2900 Troum
788 2841 864 2901 socia
879 2862 956 2900 arma
971 2855 1106 2900 secutum

297 2921 452 2981 obruerent
467 2921 570 2981 Rutuli
587 2921 670 2980 telis!
693 2922 820 2982 animam
835 2922 895 2998 ipse
909 2922 1064 2993 dedissem,

297 3015 383 3079 atque
397 3003 468 3061 haec
483 3023 589 3081 pompa
600 3003 719 3061 domum
732 3023 787 3074 me,
801 3023 859 3060 non
873 3003 1013 3073 Pallanta,
1024 3001 1164 3061 referret!

298 3101 351 3140 nec
367 3103 417 3140 vos
431 3083 584 3159 arguerim,
599 3083 721 3155 Teucri,
736 3103 790 3142 nec
806 3084 930 3154 foedera,
945 3103 999 3141 nec
1015 3103 1087 3160 quas

255 3167 258 3176 “
297 3161 445 3221 iunximus
459 3164 584 3241 hospitio
598 3164 733 3235 dextras3
754 3184 809 3222 sors
823 3164 876 3222 ista
890 3179 1023 3222 senectae

297 3241 394 3300 debita
409 3257 468 3302 erat
484 3261 605 3303 nostrae.
647 3243 760 3322 quodsi
776 3245 918 3305 inmatura
932 3244 1067 3303 manebat

297 3341 371 3381 mors
386 3338 497 3394 natum,
511 3325 599 3383 caesis
613 3325 784 3384 Volscorum
799 3325 917 3385 milibus
932 3341 997 3384 ante

405 3416 516 3479 135icta.
610 3432 654 3480 149
673 3420 788 3468 Pallante.
883 3419 1017 3482 151v0cis.
