<?xml version="1.0" encoding="UTF-8"?>
<!DOCTYPE html PUBLIC "-//W3C//DTD XHTML 1.0 Transitional//EN"
    "http://www.w3.org/TR/xhtml1/DTD/xhtml1-transitional.dtd">
<html xmlns="http://www.w3.org/1999/xhtml" xml:lang="en" lang="en">
 <head>
  <title>
</title>
<meta http-equiv="Content-Type" content="text/html;charset=utf-8" />
  <meta name='ocr-system' content='tesseract 3.04.00' />
  <meta name='ocr-capabilities' content='ocr_page ocr_carea ocr_par ocr_line ocrx_word'/>
</head>
<body>
  <div class='ocr_page' id='page_1' title='image "./bucolicageorgic05virggoog/bucolicageorgic05virggoog_0262.png"; bbox 0 0 2568 4114; ppageno 0'>
   <div class='ocr_carea' id='block_1_1' title="bbox 442 393 1054 457">
    <p class='ocr_par' dir='ltr' id='par_1_1' title="bbox 442 393 1054 457">
     <span class='ocr_line' id='line_1_1' title="bbox 442 393 1054 457; baseline 0.002 -15"><span class='ocrx_word' id='word_1_1' title='bbox 442 393 610 442; x_wconf 85' lang='lat' dir='ltr'>AENEIDOS</span> <span class='ocrx_word' id='word_1_2' title='bbox 628 395 691 444; x_wconf 88' lang='lat' dir='ltr'><strong>LIB.</strong></span> <span class='ocrx_word' id='word_1_3' title='bbox 709 395 761 442; x_wconf 84' lang='lat' dir='ltr'>vn</span> <span class='ocrx_word' id='word_1_4' title='bbox 1006 408 1054 457; x_wconf 85' lang='lat'>237</span> 
     </span>
    </p>
   </div>
   <div class='ocr_carea' id='block_1_2' title="bbox 178 525 1058 3506">
    <p class='ocr_par' dir='ltr' id='par_1_2' title="bbox 178 525 1055 1089">
     <span class='ocr_line' id='line_1_2' title="bbox 190 525 1055 604; baseline 0.002 -17"><span class='ocrx_word' id='word_1_5' title='bbox 190 528 381 604; x_wconf 83' lang='lat' dir='ltr'>Tyrrhenum</span> <span class='ocrx_word' id='word_1_6' title='bbox 396 526 433 584; x_wconf 87' lang='lat' dir='ltr'>ad</span> <span class='ocrx_word' id='word_1_7' title='bbox 442 525 588 603; x_wconf 80' lang='lat' dir='ltr'>Thybrim</span> <span class='ocrx_word' id='word_1_8' title='bbox 604 542 632 584; x_wconf 93' lang='lat' dir='ltr'>et</span> <span class='ocrx_word' id='word_1_9' title='bbox 647 526 735 585; x_wconf 91' lang='lat' dir='ltr'>fontis</span> <span class='ocrx_word' id='word_1_10' title='bbox 748 527 820 584; x_wconf 92' lang='lat' dir='ltr'>vada</span> <span class='ocrx_word' id='word_1_11' title='bbox 833 547 912 586; x_wconf 87' lang='lat' dir='ltr'>sacra</span> <span class='ocrx_word' id='word_1_12' title='bbox 922 527 1055 589; x_wconf 88' lang='lat' dir='ltr'><strong>Numici.</strong></span> 
     </span>
     <span class='ocr_line' id='line_1_3' title="bbox 189 607 827 685; baseline -0.006 -17"><span class='ocrx_word' id='word_1_13' title='bbox 189 610 239 668; x_wconf 92' lang='lat' dir='ltr'>dat</span> <span class='ocrx_word' id='word_1_14' title='bbox 254 608 308 666; x_wconf 91' lang='lat' dir='ltr'>tibi</span> <span class='ocrx_word' id='word_1_15' title='bbox 323 622 467 685; x_wconf 85' lang='lat' dir='ltr'>praeterea</span> <span class='ocrx_word' id='word_1_16' title='bbox 482 607 612 666; x_wconf 82' lang='lat' dir='ltr'>fortunae</span> <span class='ocrx_word' id='word_1_17' title='bbox 627 627 713 684; x_wconf 89' lang='lat' dir='ltr'>parva</span> <span class='ocrx_word' id='word_1_18' title='bbox 726 607 827 684; x_wconf 90' lang='lat' dir='ltr'>prioris</span> 
     </span>
     <span class='ocr_line' id='line_1_4' title="bbox 190 687 910 766; baseline 0 -18"><span class='ocrx_word' id='word_1_19' title='bbox 190 709 319 761; x_wconf 89' lang='lat' dir='ltr'>munera,</span> <span class='ocrx_word' id='word_1_20' title='bbox 333 688 467 766; x_wconf 86' lang='lat' dir='ltr'>reliquias</span> <span class='ocrx_word' id='word_1_21' title='bbox 482 687 571 757; x_wconf 88' lang='lat' dir='ltr'>Troia</span> <span class='ocrx_word' id='word_1_22' title='bbox 588 709 623 746; x_wconf 85' lang='lat' dir='ltr'>ex</span> <span class='ocrx_word' id='word_1_23' title='bbox 638 689 757 748; x_wconf 78' lang='lat' dir='ltr'>ardente</span> <span class='ocrx_word' id='word_1_24' title='bbox 771 705 910 766; x_wconf 88' lang='lat' dir='ltr'>receptas.</span> 
     </span>
     <span class='ocr_line' id='line_1_5' title="bbox 178 769 850 848; baseline -0.004 -19"><span class='ocrx_word' id='word_1_25' title='bbox 178 772 246 829; x_wconf 77' lang='lat' dir='ltr'>&#39;hoc</span> <span class='ocrx_word' id='word_1_26' title='bbox 260 785 343 848; x_wconf 92' lang='lat' dir='ltr'>pater</span> <span class='ocrx_word' id='word_1_27' title='bbox 356 769 497 827; x_wconf 82' lang='lat' dir='ltr'>Anchises</span> <span class='ocrx_word' id='word_1_28' title='bbox 512 789 579 827; x_wconf 90' lang='lat' dir='ltr'>auro</span> <span class='ocrx_word' id='word_1_29' title='bbox 594 769 704 827; x_wconf 84' lang='lat' dir='ltr'>libabat</span> <span class='ocrx_word' id='word_1_30' title='bbox 718 769 754 827; x_wconf 88' lang='lat' dir='ltr'>ad</span> <span class='ocrx_word' id='word_1_31' title='bbox 768 791 828 827; x_wconf 85' lang='lat' dir='ltr'>aras</span> <span class='ocrx_word' id='word_1_32' title='bbox 840 793 850 837; x_wconf 90' lang='lat'>;</span> 
     </span>
     <span class='ocr_line' id='line_1_6' title="bbox 191 849 898 926; baseline -0.001 -17"><span class='ocrx_word' id='word_1_33' title='bbox 191 852 246 909; x_wconf 90' lang='lat' dir='ltr'>hoc</span> <span class='ocrx_word' id='word_1_34' title='bbox 263 849 369 908; x_wconf 83' lang='lat' dir='ltr'>Priami</span> <span class='ocrx_word' id='word_1_35' title='bbox 384 865 532 926; x_wconf 86' lang='lat' dir='ltr'>gestamen</span> <span class='ocrx_word' id='word_1_36' title='bbox 547 865 617 921; x_wconf 89' lang='lat' dir='ltr'>erat,</span> <span class='ocrx_word' id='word_1_37' title='bbox 632 870 699 908; x_wconf 90' lang='lat' dir='ltr'>cum</span> <span class='ocrx_word' id='word_1_38' title='bbox 714 849 775 908; x_wconf 91' lang='lat' dir='ltr'>iura</span> <span class='ocrx_word' id='word_1_39' title='bbox 790 850 898 908; x_wconf 83' lang='lat' dir='ltr'>vocatis</span> 
     </span>
     <span class='ocr_line' id='line_1_7' title="bbox 190 930 969 1009; baseline -0.001 -19"><span class='ocrx_word' id='word_1_40' title='bbox 190 950 268 990; x_wconf 90' lang='lat' dir='ltr'>more</span> <span class='ocrx_word' id='word_1_41' title='bbox 282 931 363 989; x_wconf 87' lang='lat' dir='ltr'>daret</span> <span class='ocrx_word' id='word_1_42' title='bbox 376 930 501 1008; x_wconf 89' lang='lat' dir='ltr'>populis,</span> <span class='ocrx_word' id='word_1_43' title='bbox 517 945 719 1008; x_wconf 86' lang='lat' dir='ltr'>sceptrumque</span> <span class='ocrx_word' id='word_1_44' title='bbox 734 951 871 1009; x_wconf 89' lang='lat' dir='ltr'>sacerque</span> <span class='ocrx_word' id='word_1_45' title='bbox 886 931 969 990; x_wconf 90' lang='lat' dir='ltr'>tiaras</span> 
     </span>
     <span class='ocr_line' id='line_1_8' title="bbox 191 1011 596 1089; baseline -0.005 -19"><span class='ocrx_word' id='word_1_46' title='bbox 191 1011 375 1089; x_wconf 86' lang='lat' dir='ltr'>Iliadumque</span> <span class='ocrx_word' id='word_1_47' title='bbox 390 1011 470 1069; x_wconf 94' lang='lat' dir='ltr'>labor</span> <span class='ocrx_word' id='word_1_48' title='bbox 483 1011 596 1069; x_wconf 60' lang='lat' dir='ltr'>vestes!</span> 
     </span>
    </p>

    <p class='ocr_par' dir='ltr' id='par_1_3' title="bbox 187 1090 1058 3429">
     <span class='ocr_line' id='line_1_9' title="bbox 231 1090 801 1151; baseline 0 -1"><span class='ocrx_word' id='word_1_49' title='bbox 231 1091 336 1150; x_wconf 91' lang='lat' dir='ltr'>talibus</span> <span class='ocrx_word' id='word_1_50' title='bbox 352 1090 458 1150; x_wconf 88' lang='lat' dir='ltr'>Ilionei</span> <span class='ocrx_word' id='word_1_51' title='bbox 473 1091 558 1150; x_wconf 87' lang='lat' dir='ltr'>dictis</span> <span class='ocrx_word' id='word_1_52' title='bbox 573 1091 666 1150; x_wconf 84' lang='lat' dir='ltr'>defixa</span> <span class='ocrx_word' id='word_1_53' title='bbox 681 1092 801 1151; x_wconf 90' lang='lat' dir='ltr'>Latinus</span> 
     </span>
     <span class='ocr_line' id='line_1_10' title="bbox 190 1172 1058 1250; baseline -0.001 -18"><span class='ocrx_word' id='word_1_54' title='bbox 190 1173 294 1232; x_wconf 89' lang='lat' dir='ltr'>obtutu</span> <span class='ocrx_word' id='word_1_55' title='bbox 310 1187 391 1232; x_wconf 89' lang='lat' dir='ltr'>tenet</span> <span class='ocrx_word' id='word_1_56' title='bbox 405 1193 462 1244; x_wconf 90' lang='lat' dir='ltr'>ora,</span> <span class='ocrx_word' id='word_1_57' title='bbox 478 1172 598 1250; x_wconf 85' lang='lat' dir='ltr'>soloque</span> <span class='ocrx_word' id='word_1_58' title='bbox 612 1173 759 1231; x_wconf 90' lang='lat' dir='ltr'>inmobilis</span> <span class='ocrx_word' id='word_1_59' title='bbox 774 1174 882 1246; x_wconf 87' lang='lat' dir='ltr'>haeret,</span> <span class='ocrx_word' id='word_1_60' title='bbox 1019 1203 1058 1240; x_wconf 74' lang='lat'>250</span> 
     </span>
     <span class='ocr_line' id='line_1_11' title="bbox 190 1253 922 1331; baseline 0 -19"><span class='ocrx_word' id='word_1_61' title='bbox 190 1253 317 1312; x_wconf 90' lang='lat' dir='ltr'>intentos</span> <span class='ocrx_word' id='word_1_62' title='bbox 331 1253 451 1311; x_wconf 86' lang='lat' dir='ltr'>volvens</span> <span class='ocrx_word' id='word_1_63' title='bbox 465 1253 574 1312; x_wconf 86' lang='lat' dir='ltr'>oculos.</span> <span class='ocrx_word' id='word_1_64' title='bbox 617 1274 671 1312; x_wconf 91' lang='lat' dir='ltr'>nec</span> <span class='ocrx_word' id='word_1_65' title='bbox 686 1274 811 1331; x_wconf 85' lang='lat' dir='ltr'>purpura</span> <span class='ocrx_word' id='word_1_66' title='bbox 826 1273 922 1330; x_wconf 86' lang='lat' dir='ltr'>regern</span> 
     </span>
     <span class='ocr_line' id='line_1_12' title="bbox 190 1334 1017 1413; baseline 0 -20"><span class='ocrx_word' id='word_1_67' title='bbox 190 1335 268 1413; x_wconf 92' lang='lat' dir='ltr'>picta</span> <span class='ocrx_word' id='word_1_68' title='bbox 283 1349 391 1407; x_wconf 90' lang='lat' dir='ltr'>movet,</span> <span class='ocrx_word' id='word_1_69' title='bbox 407 1354 461 1392; x_wconf 91' lang='lat' dir='ltr'>nec</span> <span class='ocrx_word' id='word_1_70' title='bbox 477 1350 590 1412; x_wconf 89' lang='lat' dir='ltr'>sceptra</span> <span class='ocrx_word' id='word_1_71' title='bbox 604 1349 723 1392; x_wconf 89' lang='lat' dir='ltr'>movent</span> <span class='ocrx_word' id='word_1_72' title='bbox 739 1334 879 1392; x_wconf 79' lang='lat' dir='ltr'>Priameia</span> <span class='ocrx_word' id='word_1_73' title='bbox 895 1350 1017 1407; x_wconf 87' lang='lat' dir='ltr'>tantum,</span> 
     </span>
     <span class='ocr_line' id='line_1_13' title="bbox 190 1414 982 1494; baseline -0.003 -20"><span class='ocrx_word' id='word_1_74' title='bbox 190 1431 332 1494; x_wconf 89' lang='lat' dir='ltr'>quantum</span> <span class='ocrx_word' id='word_1_75' title='bbox 347 1414 378 1473; x_wconf 93' lang='lat' dir='ltr'>in</span> <span class='ocrx_word' id='word_1_76' title='bbox 393 1415 520 1473; x_wconf 89' lang='lat' dir='ltr'>conubio</span> <span class='ocrx_word' id='word_1_77' title='bbox 534 1430 618 1474; x_wconf 87' lang='lat' dir='ltr'>natae</span> <span class='ocrx_word' id='word_1_78' title='bbox 633 1415 817 1492; x_wconf 87' lang='lat' dir='ltr'>thalamoque</span> <span class='ocrx_word' id='word_1_79' title='bbox 832 1431 982 1486; x_wconf 87' lang='lat' dir='ltr'>moratur;</span> 
     </span>
     <span class='ocr_line' id='line_1_14' title="bbox 190 1495 889 1573; baseline 0 -19"><span class='ocrx_word' id='word_1_80' title='bbox 190 1511 220 1554; x_wconf 87' lang='lat' dir='ltr'>et</span> <span class='ocrx_word' id='word_1_81' title='bbox 233 1495 337 1554; x_wconf 87' lang='lat' dir='ltr'>veteris</span> <span class='ocrx_word' id='word_1_82' title='bbox 351 1495 444 1554; x_wconf 89' lang='lat' dir='ltr'>Fauni</span> <span class='ocrx_word' id='word_1_83' title='bbox 457 1495 549 1554; x_wconf 87' lang='lat' dir='ltr'>volvit</span> <span class='ocrx_word' id='word_1_84' title='bbox 564 1495 618 1554; x_wconf 87' lang='lat' dir='ltr'>sub</span> <span class='ocrx_word' id='word_1_85' title='bbox 630 1510 747 1573; x_wconf 87' lang='lat' dir='ltr'>pectore</span> <span class='ocrx_word' id='word_1_86' title='bbox 762 1511 866 1554; x_wconf 90' lang='lat' dir='ltr'>sortem</span> <span class='ocrx_word' id='word_1_87' title='bbox 881 1518 889 1554; x_wconf 78' lang='lat' dir='ltr'>a</span> 
     </span>
     <span class='ocr_line' id='line_1_15' title="bbox 189 1575 893 1654; baseline 0 -20"><span class='ocrx_word' id='word_1_88' title='bbox 189 1579 269 1636; x_wconf 93' lang='lat' dir='ltr'>hunc</span> <span class='ocrx_word' id='word_1_89' title='bbox 283 1576 369 1635; x_wconf 91' lang='lat' dir='ltr'>illum</span> <span class='ocrx_word' id='word_1_90' title='bbox 384 1576 450 1634; x_wconf 89' lang='lat' dir='ltr'>fatis</span> <span class='ocrx_word' id='word_1_91' title='bbox 465 1593 584 1635; x_wconf 87' lang='lat' dir='ltr'>externa</span> <span class='ocrx_word' id='word_1_92' title='bbox 598 1576 634 1634; x_wconf 91' lang='lat' dir='ltr'>ab</span> <span class='ocrx_word' id='word_1_93' title='bbox 649 1576 715 1634; x_wconf 90' lang='lat' dir='ltr'>sede</span> <span class='ocrx_word' id='word_1_94' title='bbox 729 1575 893 1654; x_wconf 89' lang='lat' dir='ltr'>profectum</span> 
     </span>
     <span class='ocr_line' id='line_1_16' title="bbox 189 1656 928 1751; baseline -0.001 -36"><span class='ocrx_word' id='word_1_95' title='bbox 189 1656 323 1751; x_wconf 84' lang='lat' dir='ltr'>portendi</span> <span class='ocrx_word' id='word_1_96' title='bbox 338 1677 487 1734; x_wconf 86' lang='lat' dir='ltr'>generum,</span> <span class='ocrx_word' id='word_1_97' title='bbox 501 1656 693 1736; x_wconf 89' lang='lat' dir='ltr'>paribusque</span> <span class='ocrx_word' id='word_1_98' title='bbox 685 1677 716 1714; x_wconf 88' lang='lat' dir='ltr'>m</span> <span class='ocrx_word' id='word_1_99' title='bbox 731 1676 817 1732; x_wconf 87' lang='lat' dir='ltr'>regna</span> <span class='ocrx_word' id='word_1_100' title='bbox 832 1657 928 1716; x_wconf 91' lang='lat' dir='ltr'>vocari</span> 
     </span>
     <span class='ocr_line' id='line_1_17' title="bbox 190 1737 878 1817; baseline -0.001 -21"><span class='ocrx_word' id='word_1_101' title='bbox 190 1738 343 1817; x_wconf 88' lang='lat' dir='ltr'>auspiciis,</span> <span class='ocrx_word' id='word_1_102' title='bbox 364 1739 432 1797; x_wconf 90' lang='lat' dir='ltr'>huic</span> <span class='ocrx_word' id='word_1_103' title='bbox 448 1738 615 1817; x_wconf 90' lang='lat' dir='ltr'>progeniem</span> <span class='ocrx_word' id='word_1_104' title='bbox 630 1737 736 1796; x_wconf 91' lang='lat' dir='ltr'>virtute</span> <span class='ocrx_word' id='word_1_105' title='bbox 751 1737 878 1795; x_wconf 89' lang='lat' dir='ltr'>futuram</span> 
     </span>
     <span class='ocr_line' id='line_1_18' title="bbox 189 1817 967 1896; baseline -0.001 -20"><span class='ocrx_word' id='word_1_106' title='bbox 189 1819 339 1894; x_wconf 86' lang='lat' dir='ltr'>egregiam,</span> <span class='ocrx_word' id='word_1_107' title='bbox 356 1834 385 1877; x_wconf 92' lang='lat' dir='ltr'>et</span> <span class='ocrx_word' id='word_1_108' title='bbox 399 1834 494 1877; x_wconf 90' lang='lat' dir='ltr'>totum</span> <span class='ocrx_word' id='word_1_109' title='bbox 509 1840 582 1896; x_wconf 91' lang='lat' dir='ltr'>quae</span> <span class='ocrx_word' id='word_1_110' title='bbox 597 1817 705 1876; x_wconf 86' lang='lat' dir='ltr'>viribus</span> <span class='ocrx_word' id='word_1_111' title='bbox 720 1833 845 1894; x_wconf 90' lang='lat' dir='ltr'>occupet</span> <span class='ocrx_word' id='word_1_112' title='bbox 859 1818 967 1876; x_wconf 89' lang='lat' dir='ltr'>orbem.</span> 
     </span>
     <span class='ocr_line' id='line_1_19' title="bbox 189 1897 987 1974; baseline -0.003 -16"><span class='ocrx_word' id='word_1_113' title='bbox 189 1900 307 1958; x_wconf 90' lang='lat' dir='ltr'>tandem</span> <span class='ocrx_word' id='word_1_114' title='bbox 322 1900 413 1958; x_wconf 86' lang='lat' dir='ltr'>laetus</span> <span class='ocrx_word' id='word_1_115' title='bbox 428 1899 488 1957; x_wconf 89' lang='lat' dir='ltr'>ait:</span> <span class='ocrx_word' id='word_1_116' title='bbox 511 1899 558 1956; x_wconf 91' lang='lat' dir='ltr'>‘di</span> <span class='ocrx_word' id='word_1_117' title='bbox 574 1913 670 1955; x_wconf 92' lang='lat' dir='ltr'>nostra</span> <span class='ocrx_word' id='word_1_118' title='bbox 685 1897 803 1974; x_wconf 88' lang='lat' dir='ltr'>incepta</span> <span class='ocrx_word' id='word_1_119' title='bbox 817 1899 987 1970; x_wconf 90' lang='lat' dir='ltr'>secundent,</span> 
     </span>
     <span class='ocr_line' id='line_1_20' title="bbox 189 1977 1028 2058; baseline -0.001 -20"><span class='ocrx_word' id='word_1_120' title='bbox 189 1980 398 2058; x_wconf 85' lang='lat' dir='ltr'>auguriumque</span> <span class='ocrx_word' id='word_1_121' title='bbox 413 1979 515 2038; x_wconf 91' lang='lat' dir='ltr'>suum!</span> <span class='ocrx_word' id='word_1_122' title='bbox 538 1977 664 2049; x_wconf 92' lang='lat' dir='ltr'>dabitur,</span> <span class='ocrx_word' id='word_1_123' title='bbox 680 1977 818 2049; x_wconf 88' lang='lat' dir='ltr'>Troiane,</span> <span class='ocrx_word' id='word_1_124' title='bbox 834 1978 912 2056; x_wconf 91' lang='lat' dir='ltr'>quod</span> <span class='ocrx_word' id='word_1_125' title='bbox 927 1994 1007 2056; x_wconf 89' lang='lat' dir='ltr'>optas</span> <span class='ocrx_word' id='word_1_126' title='bbox 1020 2004 1028 2049; x_wconf 85' lang='lat'>3</span> 
     </span>
     <span class='ocr_line' id='line_1_21' title="bbox 189 2058 1055 2136; baseline -0.002 -17"><span class='ocrx_word' id='word_1_127' title='bbox 189 2080 308 2119; x_wconf 89' lang='lat' dir='ltr'>munera</span> <span class='ocrx_word' id='word_1_128' title='bbox 323 2079 377 2117; x_wconf 90' lang='lat' dir='ltr'>nec</span> <span class='ocrx_word' id='word_1_129' title='bbox 393 2080 504 2136; x_wconf 87' lang='lat' dir='ltr'>sperno.</span> <span class='ocrx_word' id='word_1_130' title='bbox 547 2079 607 2117; x_wconf 92' lang='lat' dir='ltr'>non</span> <span class='ocrx_word' id='word_1_131' title='bbox 621 2058 711 2131; x_wconf 87' lang='lat' dir='ltr'>vobis,</span> <span class='ocrx_word' id='word_1_132' title='bbox 726 2079 792 2134; x_wconf 91' lang='lat' dir='ltr'>rege</span> <span class='ocrx_word' id='word_1_133' title='bbox 807 2058 921 2131; x_wconf 92' lang='lat' dir='ltr'>Latino,</span> <span class='ocrx_word' id='word_1_134' title='bbox 1019 2077 1055 2117; x_wconf 78' lang='lat'>2⁶1</span> 
     </span>
     <span class='ocr_line' id='line_1_22' title="bbox 188 2137 881 2217; baseline 0 -18"><span class='ocrx_word' id='word_1_135' title='bbox 188 2140 286 2199; x_wconf 90' lang='lat' dir='ltr'>divitis</span> <span class='ocrx_word' id='word_1_136' title='bbox 300 2140 372 2197; x_wconf 90' lang='lat' dir='ltr'>uber</span> <span class='ocrx_word' id='word_1_137' title='bbox 386 2139 443 2214; x_wconf 90' lang='lat' dir='ltr'>agri</span> <span class='ocrx_word' id='word_1_138' title='bbox 459 2137 603 2198; x_wconf 89' lang='lat' dir='ltr'>Troiaeve</span> <span class='ocrx_word' id='word_1_139' title='bbox 618 2140 766 2217; x_wconf 90' lang='lat' dir='ltr'>opulentia</span> <span class='ocrx_word' id='word_1_140' title='bbox 781 2140 881 2200; x_wconf 89' lang='lat' dir='ltr'>deerit.</span> 
     </span>
     <span class='ocr_line' id='line_1_23' title="bbox 188 2219 925 2298; baseline -0.001 -19"><span class='ocrx_word' id='word_1_141' title='bbox 188 2221 250 2298; x_wconf 88' lang='lat' dir='ltr'>ipse</span> <span class='ocrx_word' id='word_1_142' title='bbox 265 2219 351 2278; x_wconf 90' lang='lat' dir='ltr'>modo</span> <span class='ocrx_word' id='word_1_143' title='bbox 364 2220 489 2290; x_wconf 89' lang='lat' dir='ltr'>Aeneas,</span> <span class='ocrx_word' id='word_1_144' title='bbox 504 2219 592 2278; x_wconf 87' lang='lat' dir='ltr'>nostri</span> <span class='ocrx_word' id='word_1_145' title='bbox 607 2220 629 2277; x_wconf 89' lang='lat' dir='ltr'>si</span> <span class='ocrx_word' id='word_1_146' title='bbox 645 2236 725 2278; x_wconf 90' lang='lat' dir='ltr'>tanta</span> <span class='ocrx_word' id='word_1_147' title='bbox 740 2221 847 2298; x_wconf 92' lang='lat' dir='ltr'>cupido</span> <span class='ocrx_word' id='word_1_148' title='bbox 862 2236 925 2292; x_wconf 70' lang='lat' dir='ltr'>est,</span> 
     </span>
     <span class='ocr_line' id='line_1_24' title="bbox 188 2299 882 2379; baseline 0 -21"><span class='ocrx_word' id='word_1_149' title='bbox 188 2300 211 2359; x_wconf 84' lang='lat' dir='ltr'>ai</span> <span class='ocrx_word' id='word_1_150' title='bbox 227 2299 307 2376; x_wconf 88' lang='lat' dir='ltr'>iungi</span> <span class='ocrx_word' id='word_1_151' title='bbox 322 2300 449 2378; x_wconf 87' lang='lat' dir='ltr'>hospitio</span> <span class='ocrx_word' id='word_1_152' title='bbox 463 2315 598 2379; x_wconf 90' lang='lat' dir='ltr'>properat</span> <span class='ocrx_word' id='word_1_153' title='bbox 612 2300 763 2379; x_wconf 87' lang='lat' dir='ltr'>sociusque</span> <span class='ocrx_word' id='word_1_154' title='bbox 777 2301 882 2373; x_wconf 90' lang='lat' dir='ltr'>vocari,</span> 
     </span>
     <span class='ocr_line' id='line_1_25' title="bbox 188 2381 861 2454; baseline 0 -14"><span class='ocrx_word' id='word_1_155' title='bbox 188 2381 334 2454; x_wconf 83' lang='lat' dir='ltr'>adveniat,</span> <span class='ocrx_word' id='word_1_156' title='bbox 349 2381 446 2440; x_wconf 87' lang='lat' dir='ltr'>vultus</span> <span class='ocrx_word' id='word_1_157' title='bbox 462 2402 536 2440; x_wconf 90' lang='lat' dir='ltr'>neve</span> <span class='ocrx_word' id='word_1_158' title='bbox 551 2382 733 2440; x_wconf 86' lang='lat' dir='ltr'>exhorrescat</span> <span class='ocrx_word' id='word_1_159' title='bbox 747 2381 861 2440; x_wconf 88' lang='lat' dir='ltr'>amicos.</span> 
     </span>
     <span class='ocr_line' id='line_1_26' title="bbox 187 2461 938 2542; baseline -0.001 -21"><span class='ocrx_word' id='word_1_160' title='bbox 187 2483 251 2542; x_wconf 89' lang='lat' dir='ltr'>pars</span> <span class='ocrx_word' id='word_1_161' title='bbox 267 2462 338 2521; x_wconf 89' lang='lat' dir='ltr'>mihi</span> <span class='ocrx_word' id='word_1_162' title='bbox 353 2462 432 2541; x_wconf 91' lang='lat' dir='ltr'>pacis</span> <span class='ocrx_word' id='word_1_163' title='bbox 447 2462 510 2535; x_wconf 91' lang='lat' dir='ltr'>erit,</span> <span class='ocrx_word' id='word_1_164' title='bbox 526 2462 658 2520; x_wconf 87' lang='lat' dir='ltr'>dextram</span> <span class='ocrx_word' id='word_1_165' title='bbox 674 2461 800 2537; x_wconf 88' lang='lat' dir='ltr'>tetigisse</span> <span class='ocrx_word' id='word_1_166' title='bbox 814 2462 938 2537; x_wconf 88' lang='lat' dir='ltr'>tyranni.</span> 
     </span>
     <span class='ocr_line' id='line_1_27' title="bbox 189 2542 878 2620; baseline -0.001 -18"><span class='ocrx_word' id='word_1_167' title='bbox 189 2565 238 2603; x_wconf 85' lang='lat' dir='ltr'>vos</span> <span class='ocrx_word' id='word_1_168' title='bbox 252 2559 352 2603; x_wconf 89' lang='lat' dir='ltr'>contra</span> <span class='ocrx_word' id='word_1_169' title='bbox 367 2542 426 2620; x_wconf 84' lang='lat' dir='ltr'>regi</span> <span class='ocrx_word' id='word_1_170' title='bbox 441 2563 506 2602; x_wconf 90' lang='lat' dir='ltr'>mea</span> <span class='ocrx_word' id='word_1_171' title='bbox 522 2563 600 2601; x_wconf 92' lang='lat' dir='ltr'>nunc</span> <span class='ocrx_word' id='word_1_172' title='bbox 616 2543 750 2600; x_wconf 87' lang='lat' dir='ltr'>mandata</span> <span class='ocrx_word' id='word_1_173' title='bbox 765 2542 878 2601; x_wconf 89' lang='lat' dir='ltr'>referte.</span> 
     </span>
     <span class='ocr_line' id='line_1_28' title="bbox 188 2621 957 2718; baseline -0.005 -34"><span class='ocrx_word' id='word_1_174' title='bbox 188 2640 231 2684; x_wconf 91' lang='lat' dir='ltr'>est</span> <span class='ocrx_word' id='word_1_175' title='bbox 245 2624 318 2683; x_wconf 93' lang='lat' dir='ltr'>mihi</span> <span class='ocrx_word' id='word_1_176' title='bbox 328 2640 410 2718; x_wconf 80' lang='lat' dir='ltr'>nata,</span> <span class='ocrx_word' id='word_1_177' title='bbox 425 2624 487 2682; x_wconf 88' lang='lat' dir='ltr'>viro</span> <span class='ocrx_word' id='word_1_178' title='bbox 501 2623 594 2699; x_wconf 89' lang='lat' dir='ltr'>gentis</span> <span class='ocrx_word' id='word_1_179' title='bbox 609 2643 696 2701; x_wconf 89' lang='lat' dir='ltr'>quam</span> <span class='ocrx_word' id='word_1_180' title='bbox 711 2621 831 2698; x_wconf 90' lang='lat' dir='ltr'>iungere</span> <span class='ocrx_word' id='word_1_181' title='bbox 845 2638 957 2681; x_wconf 91' lang='lat' dir='ltr'>nostrae</span> 
     </span>
     <span class='ocr_line' id='line_1_29' title="bbox 188 2703 930 2784; baseline -0.004 -20"><span class='ocrx_word' id='word_1_182' title='bbox 188 2726 248 2764; x_wconf 93' lang='lat' dir='ltr'>non</span> <span class='ocrx_word' id='word_1_183' title='bbox 262 2705 356 2784; x_wconf 90' lang='lat' dir='ltr'>patrio</span> <span class='ocrx_word' id='word_1_184' title='bbox 371 2725 407 2764; x_wconf 83' lang='lat' dir='ltr'>ex</span> <span class='ocrx_word' id='word_1_185' title='bbox 422 2705 507 2782; x_wconf 87' lang='lat' dir='ltr'>adyto</span> <span class='ocrx_word' id='word_1_186' title='bbox 522 2719 620 2776; x_wconf 85' lang='lat' dir='ltr'>sortes,</span> <span class='ocrx_word' id='word_1_187' title='bbox 637 2723 696 2762; x_wconf 89' lang='lat' dir='ltr'>non</span> <span class='ocrx_word' id='word_1_188' title='bbox 711 2703 836 2781; x_wconf 89' lang='lat' dir='ltr'>plurima</span> <span class='ocrx_word' id='word_1_189' title='bbox 849 2703 930 2762; x_wconf 91' lang='lat' dir='ltr'>caelo</span> 
     </span>
     <span class='ocr_line' id='line_1_30' title="bbox 188 2783 1056 2860; baseline 0 -16"><span class='ocrx_word' id='word_1_190' title='bbox 188 2802 312 2844; x_wconf 87' lang='lat' dir='ltr'>monstra</span> <span class='ocrx_word' id='word_1_191' title='bbox 325 2785 446 2856; x_wconf 91' lang='lat' dir='ltr'>sinunt;</span> <span class='ocrx_word' id='word_1_192' title='bbox 467 2804 584 2860; x_wconf 85' lang='lat' dir='ltr'>generos</span> <span class='ocrx_word' id='word_1_193' title='bbox 599 2783 724 2842; x_wconf 86' lang='lat' dir='ltr'>externis</span> <span class='ocrx_word' id='word_1_194' title='bbox 739 2784 836 2842; x_wconf 90' lang='lat' dir='ltr'>adfore</span> <span class='ocrx_word' id='word_1_195' title='bbox 851 2784 887 2842; x_wconf 93' lang='lat' dir='ltr'>ab</span> <span class='ocrx_word' id='word_1_196' title='bbox 901 2783 998 2842; x_wconf 83' lang='lat' dir='ltr'>oris-</span> <span class='ocrx_word' id='word_1_197' title='bbox 1017 2814 1056 2854; x_wconf 76' lang='lat'>²70</span> 
     </span>
     <span class='ocr_line' id='line_1_31' title="bbox 188 2864 971 2943; baseline -0.001 -19"><span class='ocrx_word' id='word_1_198' title='bbox 188 2866 243 2924; x_wconf 91' lang='lat' dir='ltr'>hoc</span> <span class='ocrx_word' id='word_1_199' title='bbox 258 2866 342 2924; x_wconf 87' lang='lat' dir='ltr'>Latio</span> <span class='ocrx_word' id='word_1_200' title='bbox 357 2882 461 2925; x_wconf 84' lang='lat' dir='ltr'>restare</span> <span class='ocrx_word' id='word_1_201' title='bbox 476 2864 675 2943; x_wconf 88' lang='lat' dir='ltr'>canunt-qui</span> <span class='ocrx_word' id='word_1_202' title='bbox 691 2865 828 2940; x_wconf 90' lang='lat' dir='ltr'>sanguine</span> <span class='ocrx_word' id='word_1_203' title='bbox 843 2879 971 2923; x_wconf 90' lang='lat' dir='ltr'>nostrum</span> 
     </span>
     <span class='ocr_line' id='line_1_32' title="bbox 188 2945 972 3024; baseline 0 -20"><span class='ocrx_word' id='word_1_204' title='bbox 188 2966 296 3004; x_wconf 88' lang='lat' dir='ltr'>nornen</span> <span class='ocrx_word' id='word_1_205' title='bbox 311 2946 342 3005; x_wconf 92' lang='lat' dir='ltr'>in</span> <span class='ocrx_word' id='word_1_206' title='bbox 357 2962 429 3004; x_wconf 87' lang='lat' dir='ltr'>astra</span> <span class='ocrx_word' id='word_1_207' title='bbox 444 2947 548 3006; x_wconf 87' lang='lat' dir='ltr'>ferant.</span> <span class='ocrx_word' id='word_1_208' title='bbox 589 2947 668 3004; x_wconf 89' lang='lat' dir='ltr'>hunc</span> <span class='ocrx_word' id='word_1_209' title='bbox 684 2945 768 3003; x_wconf 89' lang='lat' dir='ltr'>illum</span> <span class='ocrx_word' id='word_1_210' title='bbox 783 2965 898 3024; x_wconf 89' lang='lat' dir='ltr'>poscere</span> <span class='ocrx_word' id='word_1_211' title='bbox 913 2946 972 3004; x_wconf 87' lang='lat' dir='ltr'>fata</span> 
     </span>
     <span class='ocr_line' id='line_1_33' title="bbox 190 3024 901 3105; baseline -0.003 -19"><span class='ocrx_word' id='word_1_212' title='bbox 190 3043 219 3086; x_wconf 89' lang='lat' dir='ltr'>et</span> <span class='ocrx_word' id='word_1_213' title='bbox 232 3048 305 3099; x_wconf 92' lang='lat' dir='ltr'>reor,</span> <span class='ocrx_word' id='word_1_214' title='bbox 321 3042 360 3096; x_wconf 87' lang='lat' dir='ltr'>et,</span> <span class='ocrx_word' id='word_1_215' title='bbox 375 3026 398 3084; x_wconf 91' lang='lat' dir='ltr'>si</span> <span class='ocrx_word' id='word_1_216' title='bbox 413 3027 484 3105; x_wconf 92' lang='lat' dir='ltr'>quid</span> <span class='ocrx_word' id='word_1_217' title='bbox 497 3027 557 3086; x_wconf 86' lang='lat' dir='ltr'>veri</span> <span class='ocrx_word' id='word_1_218' title='bbox 572 3046 654 3086; x_wconf 90' lang='lat' dir='ltr'>mens</span> <span class='ocrx_word' id='word_1_219' title='bbox 669 3041 798 3102; x_wconf 87' lang='lat' dir='ltr'>augurat,</span> <span class='ocrx_word' id='word_1_220' title='bbox 814 3024 901 3104; x_wconf 65' lang='lat' dir='ltr'>opto?</span> 
     </span>
     <span class='ocr_line' id='line_1_34' title="bbox 188 3107 931 3186; baseline 0 -20"><span class='ocrx_word' id='word_1_221' title='bbox 188 3108 259 3166; x_wconf 91' lang='lat' dir='ltr'>haec</span> <span class='ocrx_word' id='word_1_222' title='bbox 274 3107 386 3179; x_wconf 87' lang='lat' dir='ltr'>effatus,</span> <span class='ocrx_word' id='word_1_223' title='bbox 401 3128 488 3186; x_wconf 88' lang='lat' dir='ltr'>equos</span> <span class='ocrx_word' id='word_1_224' title='bbox 503 3128 624 3166; x_wconf 90' lang='lat' dir='ltr'>numero</span> <span class='ocrx_word' id='word_1_225' title='bbox 639 3123 721 3185; x_wconf 91' lang='lat' dir='ltr'>pater</span> <span class='ocrx_word' id='word_1_226' title='bbox 736 3107 817 3182; x_wconf 89' lang='lat' dir='ltr'>eligit</span> <span class='ocrx_word' id='word_1_227' title='bbox 831 3107 931 3166; x_wconf 88' lang='lat' dir='ltr'>omni:</span> 
     </span>
     <span class='ocr_line' id='line_1_35' title="bbox 188 3187 940 3267; baseline 0 -21"><span class='ocrx_word' id='word_1_228' title='bbox 188 3189 302 3247; x_wconf 90' lang='lat' dir='ltr'>stabant</span> <span class='ocrx_word' id='word_1_229' title='bbox 317 3202 493 3248; x_wconf 89' lang='lat' dir='ltr'>tercentum</span> <span class='ocrx_word' id='word_1_230' title='bbox 507 3188 593 3248; x_wconf 89' lang='lat' dir='ltr'>nitidi</span> <span class='ocrx_word' id='word_1_231' title='bbox 609 3188 640 3246; x_wconf 93' lang='lat' dir='ltr'>in</span> <span class='ocrx_word' id='word_1_232' title='bbox 654 3188 839 3267; x_wconf 89' lang='lat' dir='ltr'>praesepibus</span> <span class='ocrx_word' id='word_1_233' title='bbox 854 3187 918 3246; x_wconf 89' lang='lat' dir='ltr'>altis</span> <span class='ocrx_word' id='word_1_234' title='bbox 933 3211 940 3246; x_wconf 91' lang='lat'>:</span> 
     </span>
     <span class='ocr_line' id='line_1_36' title="bbox 187 3269 917 3348; baseline 0 -21"><span class='ocrx_word' id='word_1_235' title='bbox 187 3269 322 3327; x_wconf 86' lang='lat' dir='ltr'>omnibus</span> <span class='ocrx_word' id='word_1_236' title='bbox 336 3270 484 3348; x_wconf 86' lang='lat' dir='ltr'>extemplo</span> <span class='ocrx_word' id='word_1_237' title='bbox 499 3269 625 3328; x_wconf 86' lang='lat' dir='ltr'>Teucris</span> <span class='ocrx_word' id='word_1_238' title='bbox 639 3269 721 3328; x_wconf 88' lang='lat' dir='ltr'>iubet</span> <span class='ocrx_word' id='word_1_239' title='bbox 735 3269 836 3328; x_wconf 90' lang='lat' dir='ltr'>ordine</span> <span class='ocrx_word' id='word_1_240' title='bbox 850 3269 917 3327; x_wconf 92' lang='lat' dir='ltr'>duci</span> 
     </span>
     <span class='ocr_line' id='line_1_37' title="bbox 187 3348 847 3429; baseline 0 -21"><span class='ocrx_word' id='word_1_241' title='bbox 187 3348 321 3409; x_wconf 87' lang='lat' dir='ltr'>instratos</span> <span class='ocrx_word' id='word_1_242' title='bbox 335 3365 410 3408; x_wconf 88' lang='lat' dir='ltr'>ostro</span> <span class='ocrx_word' id='word_1_243' title='bbox 424 3350 551 3428; x_wconf 84' lang='lat' dir='ltr'>alipedes</span> <span class='ocrx_word' id='word_1_244' title='bbox 566 3349 707 3428; x_wconf 85' lang='lat' dir='ltr'>pictisque</span> <span class='ocrx_word' id='word_1_245' title='bbox 723 3349 825 3429; x_wconf 86' lang='lat' dir='ltr'>tapetis</span> <span class='ocrx_word' id='word_1_246' title='bbox 839 3377 847 3421; x_wconf 89' lang='lat'>;</span> 
     </span>
    </p>

    <p class='ocr_par' dir='ltr' id='par_1_4' title="bbox 513 3443 688 3506">
     <span class='ocr_line' id='line_1_38' title="bbox 513 3443 688 3506; baseline 0.017 -15"><span class='ocrx_word' id='word_1_247' title='bbox 513 3444 561 3506; x_wconf 82' lang='lat'>264</span> <span class='ocrx_word' id='word_1_248' title='bbox 577 3443 688 3495; x_wconf 82' lang='lat' dir='ltr'>sociusve.</span> 
     </span>
    </p>
   </div>
   <div class='ocr_carea' id='block_1_3' title="bbox 0 13 1288 4114">
    <p class='ocr_par' dir='ltr' id='par_1_5' title="bbox 0 13 1288 4114">
     <span class='ocr_line' id='line_1_39' title="bbox 0 13 1288 4114; baseline 0 0"><span class='ocrx_word' id='word_1_249' title='bbox 0 13 1288 4114; x_wconf 95' lang='lat' dir='ltr'> </span> 
     </span>
    </p>
   </div>
  </div>
 </body>
</html>
