2568 4114
249 323 297 385 264
522 323 548 372 r.
567 323 709 372 venerut
726 323 883 372 manorus

290 468 319 511 te
332 451 430 544 potuit
445 451 570 511 lacrimis
585 451 727 510 Tithonia
741 449 858 511 flectere
872 451 1010 514 coniunx.

289 533 395 611 aspice,
410 532 459 611 qui
475 541 580 592 coeant
593 531 705 626 populi,
721 553 794 612 quae
809 533 924 592 moenia
938 534 1042 593 clausis

289 614 398 673 fertum
412 628 521 672 acuant
534 613 624 706 portis
639 613 670 671 in
686 634 733 672 me
749 613 953 692 excidiumque
968 613 1121 676 meorum.³

286 693 410 766 dixerat,
427 709 456 752 et
470 694 561 752 niveis
575 693 646 753 hinc
661 709 748 773 atque
761 694 831 753 hinc
847 694 913 752 diva
928 695 1042 754 lacertis

287 790 479 834 cunctantem
493 775 630 852 amplexu
645 775 728 833 molli
743 774 833 834 fovet.
874 774 924 834 ille
938 792 1060 853 repente

286 855 401 934 accepit
414 855 529 914 solitam
543 853 698 928 flammam,
714 871 857 934 notusque
871 856 1011 915 medullas

285 935 407 995 intravit
421 937 512 1007 calor,
527 951 557 994 et
571 936 714 995 labefacta
727 957 781 1016 per
794 957 856 995 ossa
870 936 1017 996 cucurrit.
1115 969 1159 1009 390

285 1037 345 1076 non
361 1037 442 1077 secus
457 1033 543 1109 atque
559 1017 639 1090 olim,
656 1017 766 1076 tonitru
780 1038 848 1077 eum
863 1034 946 1094 rupta
960 1038 1081 1078 corusco

285 1097 370 1174 ignea
384 1098 457 1157 rima
472 1097 582 1157 micans
597 1097 741 1176 percurrit
756 1097 867 1157 lumine
882 1098 1004 1158 nimbos.

285 1180 375 1238 sensit
390 1180 465 1238 lacta
480 1178 554 1237 dolis
569 1195 598 1237 et
614 1178 723 1237 formae
737 1179 852 1238 conscia
866 1178 1004 1238 coniunx.

285 1275 348 1319 turn
362 1275 445 1338 pater
459 1275 579 1318 aeterno
594 1260 671 1319 fatur
685 1259 838 1319 devinctus
851 1280 945 1319 amore
959 1282 966 1319 :

265 1340 355 1419 ‘quid
370 1361 466 1398 causas
481 1338 556 1417 petis
571 1360 608 1399 ex
623 1341 703 1400 alto?
724 1339 829 1400 fiducia
843 1340 928 1401 cessit

284 1441 342 1499 quo
357 1420 422 1491 tibi,
436 1419 512 1491 diva,
528 1421 610 1479 mei?
651 1421 752 1480 similis
767 1420 790 1479 si
805 1441 874 1480 cura
888 1421 997 1494 fuisset,

285 1516 348 1560 tum
362 1521 479 1579 quoque
494 1501 537 1560 fas
552 1501 636 1560 nobis
652 1502 784 1561 Teucros
798 1521 906 1560 armare
921 1502 1042 1573 fuisset3

283 1601 338 1640 nec
355 1581 441 1640 Pater
453 1581 641 1659 omnipotens
657 1581 778 1641 Troiam
793 1600 848 1642 nec
864 1582 921 1641 fata
935 1583 1073 1643 vetabant

283 1677 356 1721 stare
371 1661 533 1740 decemque
548 1659 619 1720 alios
636 1662 783 1722 Priamum
798 1683 944 1741 superesse
958 1684 1010 1742 per
1025 1684 1127 1724 annos.
1166 1723 1172 1734 ,

283 1760 313 1802 et
328 1763 417 1816 nunc,
432 1743 455 1802 si
470 1742 579 1802 bellare
593 1763 675 1821 paras
690 1760 777 1822 atque
790 1745 863 1802 haec
879 1743 932 1802 tibi
947 1765 1029 1804 mens
1045 1761 1098 1818 est,
1113 1775 1155 1814 400

282 1823 426 1903 quidquid
440 1824 472 1882 in
488 1838 550 1884 arte
565 1844 629 1883 mea
643 1843 759 1902 possum
772 1824 941 1902 promittere
956 1845 1051 1896 curae,

282 1906 362 1984 quod
376 1904 438 1963 lieri
453 1905 531 1963 ferro
546 1903 695 1984 liquidove
711 1920 806 1984 potest
820 1905 937 1979 electro,

281 2000 425 2065 quantum
439 1985 520 2061 ignes
535 1985 708 2094 animaeque
723 1985 831 2059 valent,
846 1986 950 2046 absiste
963 1988 1112 2064 precando

281 2065 390 2124 viribus
405 2065 572 2125 indubitare
588 2067 666 2126 tuis.'
708 2087 741 2126 ea
756 2067 841 2126 verba
856 2067 969 2126 loeutus

281 2161 394 2224 optatos
409 2146 492 2206 dedit
506 2147 668 2225 amplexus,
683 2147 889 2226 placidumque
903 2148 1008 2226 petivit

281 2226 411 2302 coniugis
426 2227 540 2286 infusus
555 2228 665 2320 gremio
679 2249 732 2307 per
745 2228 875 2288 membra
890 2249 1029 2323 soporem.

321 2307 391 2366 inde
406 2307 456 2367 ubi
471 2308 564 2386 prima
580 2309 661 2387 quies
676 2307 795 2368 medio
786 2328 844 2368 tam
858 2310 953 2368 noctis
966 2311 1086 2369 abactae

280 2387 427 2448 curriculo
442 2389 595 2468 expulerat
610 2409 755 2484 somnum,
770 2410 837 2449 cum
852 2389 961 2449 femina
976 2389 1115 2469 primum,
1271 2393 1272 2470 ζ

280 2489 327 2527 cur
320 2468 466 2528 tolerare
481 2468 588 2528 colo
561 2486 652 2529 vitam
668 2470 807 2549 tenuique
823 2470 958 2530 Minerva

279 2549 451 2627 inpositum,
465 2549 595 2610 cinerem
610 2566 640 2609 et
655 2550 761 2630 sopitos
776 2551 894 2611 suscitat
908 2551 998 2628 ignes,
1112 2583 1154 2622 410

279 2645 397 2689 noctem
412 2630 521 2689 addens
537 2630 629 2708 operi,
644 2630 823 2710 famulasque
838 2632 874 2692 sd
889 2632 1000 2691 lumina
1014 2633 1105 2709 longo

279 2725 396 2770 exercet
410 2731 511 2789 penso,
526 2727 637 2770 castum
653 2727 687 2771 ut
700 2732 811 2772 servare
825 2713 923 2773 cubile

278 2791 410 2868 coniugis
426 2806 456 2851 et
469 2791 559 2870 possit
574 2813 676 2870 parvos
690 2793 815 2852 educere
830 2808 933 2852 natos:

278 2872 356 2931 haud
371 2892 452 2931 secus
467 2871 637 2950 Ignipotens
652 2892 708 2933 nee
723 2889 853 2952 tempore
868 2873 980 2951 segnior
994 2872 1047 2934 illo

278 2952 416 3011 mollibus
431 2973 447 3012 e
463 2953 558 3013 stratis
572 2973 659 3031 opera
672 2954 708 3012 ad
722 2954 835 3014 fabrilia
850 2954 950 3031 surgit.

278 3031 372 3091 insula
390 3033 540 3094 Sicanium
554 3033 636 3092 iuxta
651 3033 725 3093 latus
739 3035 930 3114 Aeoliamque

278 3111 397 3187 erigitur
411 3113 548 3191 Liparen,
564 3114 744 3174 fumantibus
759 3116 846 3174 ardua
861 3116 943 3187 saxis,

278 3212 366 3270 quam
381 3193 480 3252 subter
493 3214 595 3272 specus
611 3210 641 3254 et
656 3195 820 3274 Cyclopum
836 3216 919 3256 exesa
934 3195 1056 3256 caminis

277 3287 361 3330 antra
375 3273 506 3332 Aetnaea
521 3287 633 3346 tonant,
648 3275 795 3354 validique
809 3275 989 3336 incudibus'
981 3291 1059 3336 tetus

467 3385 513 3434 394
531 3371 641 3420 devictus.
706 3373 755 3434 406
771 3373 884 3426 inlutum.
