2556 4116
291 404 321 456 54

562 391 589 439 P.
607 365 749 438 vunonl
767 387 926 436 unnours

329 519 511 579 sollicitanda
525 533 623 577 tamen
638 518 723 577 tellus
737 516 888 596 pulvisque
903 516 1070 588 movendus,

331 617 359 660 et
373 601 431 659 iam
445 599 562 659 maturis
577 599 749 658 metuendus
763 597 894 677 Iuppiter
909 597 980 658 uvis.

336 689 472 741 ''··“''contra
487 701 546 739 non
562 681 621 739 ulla
635 696 677 739 est
691 680 761 738 oleis
776 680 909 750 cultura3
931 698 1025 757 neque
1040 680 1106 738 illae
1163 711 1207 750 ρο

328 782 500 841 procurvam
515 776 682 840 exspectant
697 761 802 820 falcem
815 775 973 838 rastrosque
989 777 1112 834 tenaces,

329 863 398 902 cum
413 843 501 901 semel
516 844 668 902 haeserunt
682 842 754 900 arvis
769 861 905 919 aurasque
920 842 1071 913 tulerunt;

329 923 390 1002 ipsa
406 923 471 982 satis
486 923 581 995 tellus,
598 944 666 982 cum
682 923 770 982 dente
785 922 945 981 recluditur
960 942 1045 992 unco,

329 1005 433 1063 sufficit
448 1025 578 1063 umorem
594 1018 623 1063 et
637 1004 764 1079 gravidas
780 1024 847 1062 curn
861 1023 976 1061 vomere
991 1003 1095 1079 fruges.

328 1085 426 1144 hoc
398 1105 536 1163 pinguem
552 1100 580 1143 et
594 1085 730 1164 placitam
747 1083 814 1143 Paci
829 1083 952 1142 nutritor
966 1083 1082 1142 olivam.

368 1186 456 1243 poma
472 1171 596 1244 quoque,
611 1181 643 1224 ut
658 1165 785 1243 primum
801 1181 918 1224 truncos
933 1184 1044 1223 sensere
1059 1164 1190 1256 valentes

329 1262 358 1305 et
372 1246 446 1305 vires
460 1247 587 1305 habuere
602 1267 674 1318 suas,
690 1246 726 1304 ad
741 1245 833 1304 sidera
846 1245 950 1322 raptim

329 1327 357 1385 vi
372 1327 488 1418 propria
502 1327 636 1385 nituntur
651 1327 770 1406 opisque
785 1326 862 1385 haud
876 1326 975 1403 indiga
990 1341 1112 1385 nostrae

290 1472 293 1477 ,
328 1427 384 1465 nec
399 1407 495 1466 minus
510 1407 620 1466 ll'ltel'ea
635 1408 696 1465 fetu
712 1427 814 1465 nemus
829 1427 916 1465 omne
930 1406 1078 1482 graVCSClt,

328 1487 549 1565 sanguineisque
564 1488 676 1546 inculta
690 1488 797 1546 rubent
811 1487 915 1546 aviaria
931 1486 1016 1546 bacis.
1162 1517 1202 1556 ⁴³0

328 1568 486 1627 tondentur
500 1568 594 1644 cytisi,
610 1568 706 1626 taedas
721 1568 791 1626 silva
804 1569 861 1627 alta
875 1568 1027 1638 ministrat,

327 1665 543 1728 pascunturque
558 1648 637 1724 ignes
653 1649 790 1708 nocturni
805 1665 835 1707 et
849 1649 961 1708 lumina
974 1649 1112 1708 fundunt.

329 1745 359 1789 et
374 1729 507 1788 dubitant
522 1729 654 1788 homines
670 1750 760 1789 serere
775 1745 860 1810 atque
875 1729 1033 1807 inpendere
1048 1735 1169 1789 curam?

329 1811 400 1891 quid
414 1810 521 1869 maiora
536 1814 661 1888 sequar?
703 1811 804 1870 salices
818 1810 1000 1889 humilesque
1014 1811 1142 1886 genistae

330 1907 378 1950 aut
393 1891 459 1950 illae
474 1891 573 1968 pecori
587 1892 721 1951 frondem
736 1908 786 1950 aut
799 1891 958 1969 pastoribus
973 1891 1104 1951 umbram

329 1971 483 2044 sufficiunt,
500 1993 671 2050 saepemque
687 1972 751 2031 satis
767 1989 795 2031 et
810 1972 914 2050 pabula
927 1971 1017 2031 melli.
1063 1981 1064 1984 ’

329 2068 358 2111 et
372 2053 451 2111 iuvat
466 2053 626 2111 undantem
642 2054 720 2111 buxo
735 2070 862 2131 spectare
878 2053 1020 2130 Cytorum

329 2133 530 2210 Naryciaeque
544 2133 617 2210 picis
633 2134 722 2206 lucos,
739 2134 817 2194 iuvat
831 2155 897 2194 arva
910 2133 1019 2193 videre'

329 2233 389 2272 non
404 2214 509 2285 rastris,
523 2214 677 2274 hominum
692 2237 753 2274 non
769 2215 821 2276 ulli
836 2216 962 2275 obnoxia
974 2235 1069 2276 curae.

314 2305 316 2310 ’
329 2294 407 2371 ipsae
423 2294 570 2354 Caucaseo
584 2295 694 2355 steriles
710 2297 740 2354 in
756 2297 863 2356 vertice
879 2297 976 2370 silvae,
1161 2323 1200 2363 440

329 2396 398 2515 quas
414 2375 533 2434 animosi
550 2377 619 2434 Euri
636 2377 753 2436 adsidue
769 2378 962 2457 franguntque
977 2378 1143 2456 feruntque,

349 2472 399 2515 ant
414 2457 484 2515 alios
499 2457 572 2516 aliae
588 2457 671 2530 fetus,
687 2458 758 2517 dant
773 2457 845 2516 utile
860 2457 972 2533 lignum

329 2537 447 2614 navigiis
461 2537 556 2615 pinos,
573 2538 705 2597 domibus
720 2537 897 2616 cedrumque
912 2556 1138 2615 cupressosque3

329 2618 399 2676 hinc
414 2618 507 2677 radios
522 2619 626 2677 trivere
640 2618 716 2688 rotis,
731 2617 802 2676 hinc
816 2633 953 2694 tympana
966 2617 1099 2694 plaustris

329 2698 478 2774 agricolae,
495 2713 524 2758 et
538 2698 646 2776 pandas
661 2697 769 2756 ratibus
783 2718 903 2776 posuere
917 2697 1035 2757 carinas.

329 2778 487 2838 viminibus
502 2779 612 2848 salices,
629 2778 769 2836 fecundae
784 2777 934 2838 frondibus
950 2779 1032 2851 ulmi,

330 2875 359 2919 at
372 2875 481 2936 myrtus
495 2859 598 2918 validis
613 2859 763 2919 hastilibus
779 2875 808 2918 et
822 2859 897 2918 bona
913 2860 991 2918 bello

330 2959 433 2999 cornus
446 2966 455 3012 3
478 2942 606 2999 Ituraeos
621 2939 679 2998 tari
694 2955 865 3018 torquentur
879 2940 910 2999 in
924 2961 1015 3000 arcus.

330 3039 385 3078 nec
400 3020 481 3079 tiliae
495 3022 573 3080 leves
588 3036 638 3080 aut
653 3035 737 3080 torno
752 3022 834 3080 rasile
848 3022 959 3081 buxum

330 3120 391 3158 non
406 3101 528 3160 formam
543 3101 691 3180 accipiunt
704 3102 837 3181 ferroque
852 3118 990 3161 cavantur
1004 3116 1098 3160 acuto.
1157 3101 1196 3168 ‘450

331 3200 386 3240 nec
403 3201 462 3239 non
478 3197 508 3240 et
524 3196 680 3242 torrentem
695 3183 802 3242 undam
817 3183 910 3241 levis
903 3198 1014 3276 innatat
1028 3182 1109 3240 alnus

331 3261 416 3320 missa
431 3261 531 3332 Pado;
551 3283 606 3322 nec
622 3284 681 3322 non
696 3279 725 3322 et
740 3284 805 3341 apes
820 3262 954 3322 examina
969 3259 1113 3322 condunt

332 3340 546 3420 corticibusque
560 3344 636 3402 cavis
650 3345 825 3424 vitiosaeque
839 3343 913 3402 ilicis
929 3345 1002 3402 alvo.

592 3450 623 3499 43
627 3448 639 3500 ς
658 3438 721 3486 tiliae
727 3450 769 3503 pro
778 3438 832 3486 illae
844 3437 905 3487 Serv.
