2568 4114
231 379 279 430 252
332 365 359 416 P.
377 364 519 414 VERGILI
537 365 695 416 MARONIS
712 365 880 416 nmmos
897 368 961 418 LIB.
981 369 1034 418 v11

271 495 348 555 filius
362 497 494 558 ardentes
508 497 588 558 haud
602 496 690 558 setius
704 517 738 556 ae
759 516 828 556 uore
842 497 937 577 campi

270 577 422 638 exercebat
436 597 524 659 equos
538 597 682 655 curruque
696 577 728 638 iu
780 578 819 640 lla
832 579 943 640 ruebat.

311 657 373 736 ipse
387 657 465 719 inter
478 658 586 741 primos
600 657 758 738 praestanti
774 679 894 740 corpore
909 660 1030 721 Turnus

269 738 394 799 vertitur
408 751 486 799 arma
501 756 615 812 tenens,
630 755 660 799 et
676 755 738 799 toto
752 739 862 800 vertice
877 761 961 822 supra
976 756 1041 804 est:

269 818 317 879 cui
333 819 442 898 triplici
458 820 562 880 crinita
577 820 645 880 iuba
660 820 741 898 galea
755 821 814 884 alta
829 820 1016 882 Chimaeram

270 900 403 974 sustinet,
418 902 563 962 Aetnaeos
579 901 725 966 efflantem
740 899 873 964 faucibus
887 901 977 981 ignes,

270 995 329 1040 tam
344 981 433 1057 magis
447 981 497 1042 illa
511 982 638 1043 fremens
654 997 683 1043 et
698 981 827 1042 tristibus
843 981 929 1044 effera
941 981 1075 1056 flammis,

269 1082 356 1140 quam
371 1061 461 1142 magis
476 1061 568 1123 effuso
582 1063 759 1124 crudescunt
772 1063 912 1142 sanguine
925 1084 1052 1147 pugnae.

268 1157 298 1202 at
313 1144 408 1204 levem
423 1143 552 1222 clipeum
566 1143 685 1206 sublatis
700 1144 837 1206 cornibus
852 1145 886 1203 Io

268 1244 338 1282 auro
352 1223 520 1300 insignibat,
535 1223 593 1284 iam
608 1224 693 1286 saetis
707 1224 810 1298 obsita,
825 1224 884 1286 iam
898 1225 959 1298 bos,
1098 1255 1139 1301 1⁹⁰

269 1320 472 1380 argumentum
486 1305 598 1381 ingens,
615 1323 645 1368 et
659 1321 756 1368 custos
770 1305 889 1382 virginis
903 1307 1006 1382 Argus,

268 1384 437 1463 caelataque
451 1405 569 1445 amnem
585 1386 711 1447 fundens
725 1402 808 1467 pater
822 1385 949 1450 Inachus
963 1408 1045 1450 urna.

267 1464 433 1543 insequitur
446 1465 563 1525 nimbus
576 1467 720 1546 peditum,
735 1467 918 1550 clipeataque
933 1467 1001 1527 totis

268 1544 382 1622 agmina
396 1544 557 1610 densentur
571 1547 690 1627 campis,
704 1548 869 1628 Argivaque
883 1548 974 1634 pubes

266 1626 482 1706 Auruncaeque
496 1646 608 1702 manus,
624 1627 729 1689 Rutuli
743 1645 914 1709 veteresque
929 1629 1036 1712 Sicani,

268 1721 298 1766 et
312 1708 453 1766 Sacranae
467 1707 543 1766 acies
559 1724 589 1768 et
601 1707 676 1787 picti
690 1725 772 1769 scuta
787 1709 888 1770 Labici
901 1735 911 1781 ς

267 1786 317 1865 qui
333 1788 431 1862 saltus,
447 1787 600 1862 Tiberine,
617 1805 690 1863 tuos,
706 1809 878 1876 sacrumque
892 1789 1015 1854 Numici

266 1868 335 1927 litus
351 1885 441 1944 arant,
458 1869 643 1950 Rutulosque
658 1887 796 1932 exercent
811 1891 928 1932 uomere
943 1872 1042 1944 colles,

267 1947 482 2030 Circaeumque
496 1950 608 2028 iugum,
622 1951 686 2031 quis
701 1951 834 2032 Iuppiter
846 1953 983 2016 Anxurus
998 1952 1072 2015 atvis

265 2030 419 2107 praesidet,
436 2047 464 2090 et
478 2031 565 2092 viridi
579 2033 707 2112 gaudens
722 2033 845 2095 Feronia
859 2033 949 2104 luco;
1095 2052 1138 2094 soe

266 2131 323 2190 qua
339 2112 458 2171 Saturae
472 2111 549 2172 iacet
564 2128 623 2175 atra
637 2113 729 2199 palus,
744 2113 916 2194 gelidusque
929 2135 982 2194 per
995 2114 1068 2178 imas

265 2190 379 2268 quaerit
393 2190 450 2250 iter
463 2192 552 2253 valles
567 2209 656 2272 atque
670 2194 702 2253 in
717 2215 795 2254 mare
811 2195 948 2259 conditur
962 2195 1071 2262 Ufens.

306 2272 358 2330 hos
372 2292 458 2352 super
472 2274 591 2335 advenit
605 2275 712 2335 Volsca
727 2276 764 2335 de
778 2292 866 2352 gente
880 2275 1016 2349 Camilla,

251 2372 368 2428 ,agmen
384 2373 469 2429 agens
485 2355 618 2434 equitum
632 2371 663 2418 et
677 2355 813 2418 florentes
828 2378 893 2418 aere
907 2372 1045 2431 catervas,

264 2432 411 2508 bellatrix,
426 2456 487 2497 uou
502 2435 553 2498 illa
568 2437 634 2495 colo
649 2435 808 2498 calathisve
824 2437 979 2503 Minervae

264 2513 405 2574 femineas
420 2516 539 2580 adsueta
553 2537 666 2590 manus,
681 2518 731 2576 sed
744 2518 856 2597 proelia
871 2518 951 2595 virgo

263 2594 335 2658 dura
349 2595 420 2674 pati,
435 2617 580 2678 cursuque
593 2599 704 2680 pedum
717 2615 899 2677 praevertere
914 2615 1026 2662 ventos.

263 2673 315 2734 illa
330 2676 377 2735 vel
392 2676 520 2738 intactae
535 2678 639 2760 segetis
653 2699 706 2762 per
719 2699 832 2743 summa
846 2680 956 2742 volaret

263 2756 402 2831 gramina,
417 2778 472 2817 nec
488 2774 601 2822 teneras
616 2780 702 2826 cursu
717 2760 845 2822 laesisset
860 2761 979 2832 aristas;

263 2835 310 2895 vel
323 2857 400 2897 mare
415 2859 467 2916 per
481 2840 621 2913 medium,
637 2840 729 2904 fluctu
744 2863 880 2924 suspensa
896 2841 1031 2912 tumenti,
1093 2858 1137 2905 sse

263 2916 351 2976 ferret
366 2918 431 2994 iter,
446 2921 555 2983 celeres
570 2941 626 2982 nec
642 2921 788 3001 tingueret
803 2943 928 3002 aequore
941 2923 1066 3001 plautas·

262 2995 344 3058 illam
358 2999 452 3060 omnis
469 3001 553 3064 tectis
568 3002 700 3084 agrisque
716 3003 805 3065 effusa
820 3003 956 3068 iuventus

263 3079 407 3158 turbaque
421 3081 543 3145 miratur
557 3099 683 3146 matrum
698 3099 728 3143 et
742 3099 908 3163 prospectat
923 3099 1053 3162 euntem,

262 3159 393 3220 attonitis
408 3159 523 3226 inhians
537 3163 652 3238 animis,
669 3180 701 3225 ut
715 3185 746 3224 re
768 3163 809 3226 'us
824 3180 901 3225 ostro

262 3239 341 3298 velet
355 3241 447 3302 honos
462 3243 539 3307 leves
555 3265 679 3320 umeros,
695 3260 727 3304 ut
762 3245 830 3310 bula
845 3245 957 3307 crinem

263 3340 332 3378 auro
346 3319 533 3399 internectat,
548 3323 671 3402 Lyciam
685 3340 719 3384 ut
732 3341 812 3402 gerat
826 3325 887 3409 ipsa
901 3327 1066 3406 pharetram

263 3415 293 3459 et
307 3403 481 3478 pastoralem
495 3404 622 3489 praefixa
636 3405 757 3485 cuspide
771 3423 909 3491 myrtum.
