2562 4114
252 340 298 404 30⁶
522 336 549 384 r.
567 334 710 384 venerer
728 335 884 383 unnoms

331 469 408 528 baud
422 484 518 528 tamen
533 466 634 526 sudrei
648 466 752 524 Turno
767 462 871 525 fiducia
886 466 971 525 cessit

291 551 374 609 litora
388 549 562 643 praecipere,
578 562 606 607 et
621 546 768 606 venientes
782 547 890 624 pellere
905 562 986 618 terre.

291 632 381 710 [ultro
395 630 503 689 animos
519 628 596 688 tollit
609 627 704 699 dictis,
719 644 803 706 atque
818 627 948 706 increpat
962 629 1039 688 ultro
1052 629 1075 706 :]

272 711 368 806 ‘quod
382 711 453 770 votis
468 709 593 802 optastis,
608 709 696 780 adest,
710 708 887 787 perfringere
897 709 1005 770 dextra.

291 794 322 851 in
337 791 469 850 manibus
484 789 585 849 Mars
569 811 637 883 'ipse
652 789 727 849 viris
775 809 853 848 nunc
868 790 997 867 coniugis
1012 806 1074 850 esto
1125 811 1164 850 aso

292 873 411 953 quisque
426 892 492 931 suae
506 871 633 950 tectique
649 890 781 938 memor3
802 889 881 929 nunc
896 890 999 947 magna
1012 871 1119 930 referto

292 955 377 1025 facts,
392 968 503 1030 petrum
518 952 624 1011 laudes.
666 951 742 1010 ultro
756 971 937 1010 occurremur
951 952 986 1009 ad
1001 951 1121 1023 undam,

291 1036 362 1095 dum
377 1032 491 1112 trepidi,
505 1031 676 1110 egressisque
692 1031 788 1092 labant
802 1031 920 1108 vestigia
933 1032 1034 1110 prima.

292 1115 430 1174 audentes
444 1113 590 1173 Fortuna
583 1112 678 1173 iuvet!

291 1197 362 1254 haec
378 1194 428 1267 ait,
442 1209 471 1255 et
484 1214 582 1254 secum
596 1210 697 1265 versat,
713 1213 783 1273 quos
796 1194 902 1252 ducere
917 1209 1025 1264 contre,

293 1278 339 1336 vel
354 1275 459 1354 quibus
472 1276 596 1335 obsessos
610 1275 697 1354 possit
711 1275 884 1333 concredere
897 1294 1002 1334 muros.

333 1357 442 1416 interea
454 1358 566 1416 Aeneas
581 1356 670 1415 socios
684 1356 719 1415 de
734 1355 877 1433 puppibus
892 1355 955 1414 altis

293 1436 429 1516 pontibus
444 1436 573 1514 exponit.
615 1435 700 1495 multi
715 1455 825 1496 servare
839 1456 970 1495 recursus

293 1516 455 1594 languentis
468 1516 571 1593 pelagi,
587 1532 615 1576 et
630 1517 763 1575 brevibus
778 1537 807 1575 se
822 1517 937 1576 credere
952 1517 1046 1585 saltu3

293 1619 343 1678 per
357 1616 449 1656 remos
463 1597 522 1656 alii.
555 1598 726 1690 ‘speculatus
741 1597 823 1656 litora
837 1599 985 1668 Tarchon,
1127 1629 1166 1668 ,φ

293 1700 350 1758 qua
363 1677 433 1736 vada
448 1697 506 1738 non
521 1677 628 1756 spirant
641 1698 695 1737 nec
712 1679 799 1738 fracta
813 1695 1001 1738 remurmurat
1015 1679 1105 1752 unda,

294 1761 344 1819 sed
357 1779 436 1818 mure
450 1758 626 1818 inoffensum
640 1759 780 1819 crescenti
797 1759 937 1819 adlabitur
950 1774 1037 1830 aestu,

294 1839 416 1900 advertit
429 1839 524 1898 subito
538 1860 643 1917 proras,
657 1841 805 1919 sociosque
818 1856 969 1918 precetur:
996 1860 1001 1866 ·

275 1927 382 1992 ‘nunc,
396 1942 413 1980 ο
428 1922 502 1981 lecta
516 1941 628 1992 manus,
641 1921 740 1980 validis
755 1921 915 1980 incumbite
930 1921 1014 1980 remis
1026 1945 1037 1988 3

295 2002 398 2074 tollite,
412 2002 485 2060 ferte
500 2017 571 2060 rates
583 2025 593 2070 3
613 2001 762 2062 inimicam
776 2001 877 2061 findite
890 2000 984 2060 rostris

293 2086 369 2141 hanc
385 2097 500 2152 terram,
514 2083 685 2176 sulcumque
699 2082 752 2141 sibi
767 2099 877 2160 premat
891 2082 951 2160 ipsa
963 2081 1070 2142 carina.

294 2163 422 2238 frangere
437 2181 491 2221 nec
507 2162 556 2221 tali
571 2164 691 2240 puppim
706 2163 827 2223 statione
840 2183 949 2234 recuso,

294 2260 403 2320 arrepta
417 2243 520 2302 tellure
535 2245 641 2303 semel.³
683 2265 756 2323 quse
771 2245 837 2302 talia
852 2260 1001 2324 postquam

295 2325 395 2384 effatus
409 2324 557 2396 Tarchon,
572 2325 640 2384 socii
655 2345 826 2418 consurgere
840 2325 927 2384 tonsis

294 2422 515 2484 spumantesque
529 2421 601 2464 rates
615 2406 688 2464 arvis
702 2401 808 2465 inferre
823 2405 944 2477 Latinis,
1125 2435 1166 2475 3oe

293 2485 386 2546 donec
399 2501 488 2579 rostra
502 2501 603 2546 tenent
617 2487 726 2545 siccum
740 2503 769 2546 et
782 2487 879 2548 sedere
893 2488 1005 2547 carinae

294 2586 394 2626 omnes
408 2565 560 2626 innocuae.
602 2567 651 2625 sed
665 2587 724 2625 non
739 2568 842 2647 puppis
857 2584 915 2639 tua,
929 2568 1078 2626 Tarchon.

296 2667 429 2726 namque,
444 2645 555 2706 inflicta
569 2647 655 2719 vadis,
671 2647 753 2706 dorso
767 2648 837 2709 dum
851 2648 980 2726 pendet
972 2650 1086 2727 miquo,

296 2748 399 2805 anceps
413 2743 569 2786 sustentata
582 2728 643 2800 diu,
657 2721 820 2808 fluctusque
835 2729 944 2805 fatigat,

295 2808 423 2879 solvitur,
437 2823 524 2886 atque
538 2808 611 2867 viros
626 2809 727 2868 mediis
742 2810 861 2890 exponit
874 2810 906 2869 in
922 2809 1028 2879 undis;

295 2889 434 2965 fragmina
448 2908 593 2948 remorum
608 2909 680 2968 quos
693 2906 723 2950 et
736 2890 878 2950 fluitantia
891 2906 1012 2950 transtu

294 2967 459 3045 inpediunt,
473 2969 648 3049 retrahitque
663 2971 748 3065 pedes
763 2972 848 3030 simul
864 2971 940 3031 undu
953 2969 1097 3030 relabens.

335 3069 389 3108 nec
405 3050 542 3110 Turnum
557 3051 650 3128 segnis
664 3052 769 3112 retinet
783 3072 883 3124 mora3
904 3052 953 3110 sed
966 3051 1040 3128 rapit
1054 3071 1125 3110 acer

295 3144 384 3188 totam
399 3131 490 3190 aciem
505 3131 536 3190 in
551 3131 693 3204 Teucros,
707 3149 736 3194 ct
751 3148 851 3192 contra
864 3133 895 3191 in
910 3133 992 3192 litore
1007 3131 1090 3192 sistit.

295 3209 375 3285 signu
388 3227 507 3271 canunt.
548 3211 655 3290 primus
671 3229 776 3273 turmas
791 3213 893 3274 inussit
907 3228 1026 3291 agrestes
1129 3242 1169 3282 ,ιο
1264 3283 1265 3288 ¹

294 3291 416 3362 Aeneas,
430 3309 515 3350 omen
531 3312 654 3370 pugnae,
668 3294 822 3374 stravitque
836 3294 964 3365 Latinos,
1264 3289 1265 3300 ¹

527 3392 573 3455 283
591 3393 682 3455 egressi.
748 3406 793 3456 29¹
812 3403 895 3460 sperat.
