2562 4114
257 349 304 405 352
528 335 555 384 P.
573 334 715 382 VERGILI
732 333 890 382 MARONIS
908 291 918 310 ι

298 486 390 526 unum
404 485 477 525 oro:
498 465 602 524 desiste
616 484 736 523 manum
749 464 931 523 committere
946 465 1083 524 Teucris.
1141 484 1169 525 σο

297 548 347 628 qui
362 564 392 606 te
407 566 534 624 cumque
548 561 668 605 manent
681 545 736 604 isto
750 545 909 604 certamine
922 566 1013 617 casus,

298 646 327 689 et
341 648 399 700 me,
414 628 528 698 Turne,
543 642 686 694 manent;
706 626 793 686 simul
807 626 901 686 baec
892 626 982 684 invisa
995 627 1165 706 relinquam

297 709 419 780 lumina,
433 728 487 766 nec
502 727 640 784 generum
653 709 774 766 Aenean
789 707 902 784 captiva
914 707 1039 766 videbo?

297 789 410 867 accepit
423 809 525 848 vocem
540 788 664 848 lacrimis
678 788 798 846 Lavinia
812 788 910 846 matris

297 871 448 948 flagrantes
462 870 578 946 perfusa
592 889 689 944 genas,
702 868 751 928 cui
764 868 906 947 plurimus
920 867 1017 944 ignem

298 951 420 1010 subiecit
435 951 532 1022 rubor,
547 965 576 1009 et
591 950 731 1009 calefacta
743 971 796 1027 per
808 970 859 1007 ora
873 949 1008 1008 cucurrit.

298 1033 406 1091 Indum
422 1031 580 1106 sanguineo
593 1031 684 1089 veluti
698 1030 847 1088 violaverit
860 1045 936 1088 ostro

298 1113 320 1172 si
335 1113 398 1192 quis
413 1113 494 1183 ebur,
509 1127 559 1170 aut
573 1111 664 1170 mixta
677 1111 782 1170 rubent
797 1111 847 1169 ubi
861 1110 923 1169 lilia
935 1110 1029 1169 multa

298 1194 361 1253 alba
374 1213 456 1252 rosa:
478 1193 549 1251 tales
563 1191 642 1268 virgo
657 1193 742 1250 dabat
755 1212 805 1250 ore
820 1192 948 1250 colores.v

297 1274 384 1332 illum
397 1273 496 1332 turbat
509 1293 597 1346 amor,
613 1271 732 1351 figitque
746 1273 777 1330 in
790 1273 900 1348 virgine
914 1273 1012 1330 vultus
1025 1293 1033 1330 :

297 1355 378 1412 ardet
392 1354 424 1412 in
438 1374 515 1412 arma
529 1353 618 1430 magis
633 1354 789 1432 paucisque
804 1354 917 1412 adfatur
929 1354 1067 1411 Amatam
1081 1375 1089 1412 ε

277 1443 346 1506 ‘ne,
359 1455 475 1512 quaeso,
489 1453 527 1494 ne
542 1454 589 1493 me
604 1434 740 1526 lacrimis,
754 1455 825 1492 neve
839 1433 937 1492 omine
952 1447 1035 1491 tanto

297 1535 468 1592 prosequere
482 1513 514 1571 in
529 1515 595 1572 duri
611 1515 768 1573 certamina
783 1515 887 1590 Martis
902 1529 1030 1585 euntem,

297 1617 316 1653 o
330 1609 442 1662 mater;
463 1614 559 1672 neque
575 1595 655 1653 enim
669 1595 775 1653 Turno
789 1615 868 1653 mora
883 1594 973 1652 libera
986 1593 1099 1652 mortis.

298 1674 418 1734 nuntius
431 1637 514 1744 lraec,
530 1676 644 1746 Idmon,
661 1675 785 1752 Phrygio
799 1695 863 1733 mea
876 1674 954 1734 dicta
968 1689 1095 1751 tyranno

298 1756 376 1814 baud
388 1755 532 1832 placitura
546 1756 642 1814 refer:
664 1761 759 1814 “cum
773 1755 899 1834 primum
914 1754 1038 1812 crastina
1051 1755 1137 1813 caelo

297 1835 428 1915 puniceis
443 1836 559 1896 invecta
572 1836 641 1896 rotis
655 1838 765 1895 Aurora
779 1835 904 1907 rubebit,

299 1937 359 1976 non
396 1916 528 1976 Teucros
561 1932 627 1993 agat
659 1917 691 1975 in
724 1916 1052 1974 Rutulos—Teucrum
1086 1935 1164 1973 arma

379 1997 538 2075 quiescant,

299 2093 329 2136 et
343 2077 589 2137 Rutuli-nostro
603 2078 772 2138 dirimamus
787 2077 924 2154 sanguine
940 2077 1071 2145 bellum;

299 2158 351 2216 illo
366 2172 517 2235 quaeratur
530 2159 660 2218 coniunx
675 2159 795 2217 Lavinia
808 2155 955 2236 campo.'''

338 2239 410 2296 haec
426 2239 475 2296 ubi
491 2239 570 2298 dicta
583 2240 665 2298 dedit
678 2239 850 2317 rapidusque
864 2239 896 2296 in
910 2253 988 2297 tecta
1001 2236 1127 2306 recessit,

297 2318 391 2395 poscit
406 2339 494 2397 equos
508 2321 673 2398 gaudetque
689 2335 772 2378 tuens
787 2335 853 2378 ante
867 2340 916 2378 ora
930 2320 1097 2390 frementes,

300 2398 437 2457 Pilumno
452 2420 523 2478 quos
538 2401 599 2478 ipsa
613 2401 701 2460 decus
716 2399 796 2458 dedit
811 2399 955 2476 Orithyia,

299 2500 349 2557 qut
341 2478 532 2538 candore
503 2500 582 2539 nrves
597 2481 749 2553 anteirent,
765 2481 891 2540 cursibus
906 2500 995 2538 auras.

299 2559 487 2618 circumstant
501 2562 616 2638 properi
631 2561 743 2636 aurigae
758 2561 947 2639 manibusque
961 2561 1108 2619 lacessunt

298 2656 415 2718 pectora
429 2641 526 2718 plausa
541 2642 615 2700 cavis
630 2657 660 2700 et
674 2642 749 2702 colla
763 2642 907 2700 comantia
920 2656 1052 2718 pectunt.

299 2721 360 2798 ipse
374 2721 480 2780 dehinc
494 2742 564 2780 auro
579 2723 757 2815 squalentem
772 2723 894 2801 alboque
908 2722 1054 2780 orichalco

299 2801 459 2860 circumdat
474 2803 592 2861 loricam
607 2803 734 2874 umeris3
755 2803 840 2862 simul
855 2818 933 2881 aptat
946 2801 1080 2860 habendo

300 2902 455 2961 ensemque
471 2883 657 2961 clipeumque
672 2899 701 2942 et
715 2848 816 2942 rirbrae
831 2903 937 2942 cornua
952 2897 1076 2950 cristae,

299 2983 407 3035 ensem,
423 2983 511 3041 quem
526 2963 654 3022 Dauno
646 2963 810 3041 rgnipotens
824 2963 916 3021 deus
908 2983 969 3040 rpse
981 2959 1094 3039 parenti
1140 2989 1168 3030 ρο

299 3043 407 3101 fecerat
422 3058 452 3102 et
468 3043 563 3121 Stygia
578 3043 788 3102 candentem'
768 3059 893 3102 tinxerat
908 3043 992 3101 unda.

300 3122 379 3194 exin,
393 3143 466 3202 quae
482 3123 607 3182 mediis
599 3123 711 3200 mgenti
725 3124 827 3182 adnixa
842 3123 978 3182 columna

299 3203 417 3262 aedibus
431 3205 569 3276 adstabat,
582 3204 705 3264 validam
718 3204 746 3262 vi
761 3203 879 3281 corripit
893 3205 1013 3274 hastam,

298 3283 412 3344 Actoris
426 3285 558 3344 Aurunci
572 3284 707 3364 spolium,
723 3299 892 3364 quassatque
907 3298 1092 3354 trementem,

589 3393 620 3442 92
638 3381 766 3428 columnae.

1138 2174 1165 2214 80
