2562 4114
291 367 339 417 292
562 352 589 400 P.
607 351 749 400 VERGILI
766 351 924 401 MARoms

330 485 385 542 hoc
400 497 516 542 tanturn
530 481 694 550 Ascanius3
715 481 825 540 Teucri
841 481 967 541 clamore
981 497 1145 562 sequuntur

330 562 499 644 laetitiaque
513 564 644 623 fremunt
656 562 824 641 animosque
838 563 875 622 ad
889 563 981 622 sidera
996 564 1116 623 tollunt.

330 644 456 702 aetheria
471 659 535 703 tum
548 645 625 703 forte
639 644 723 722 plaga
738 644 860 702 crinitus
873 644 980 722 Apollo

329 724 452 803 desuper
465 725 607 784 Ausonias
621 724 697 784 acies
712 725 871 804 urbemque
885 723 1009 797 videbat,

330 807 408 865 nube
422 805 533 877 sedens,
548 820 635 884 atque
648 805 693 864 his
707 805 848 864 victorem
863 805 976 865 adfatur
990 805 1109 866 Iulum:
1160 825 1198 875 ⁶40

310 893 425 947 ‘macte
440 907 514 944 nova
527 886 644 958 virtute,
659 906 750 963 puer;
771 886 811 945 sic
826 886 884 944 itur
897 886 934 944 ad
947 901 1029 960 astra,

329 968 372 1027 dis
385 968 484 1045 genite
498 982 528 1026 et
542 967 676 1044 geniture
691 967 770 1026 deos.
811 966 873 1026 iure
887 967 984 1026 omnia
998 968 1077 1026 bella

328 1065 415 1126 gente
429 1049 482 1107 sub
496 1047 627 1106 Assaraci
643 1049 704 1106 fato
717 1063 840 1107 ventura
854 1048 991 1120 resident,

330 1151 385 1190 nec
400 1145 430 1189 te
444 1129 535 1188 Troia
549 1126 645 1207 capit.'
688 1128 774 1188 simul
788 1131 860 1188 haec
876 1129 976 1188 effatus
990 1129 1027 1188 ab
1041 1129 1103 1188 alto

329 1213 490 1270 aethereae
505 1210 593 1282 misit,
610 1209 751 1288 spirantes
766 1209 897 1269 dimovet
910 1231 990 1268 auras

327 1292 544 1371 Ascaniumque
557 1290 642 1368 petit.
685 1291 805 1350 formam
820 1306 883 1350 tum
896 1290 1019 1350 vertitur
1031 1289 1088 1349 oris

328 1373 483 1451 antiquum
497 1371 529 1430 in
545 1373 654 1431 Buten.
695 1372 744 1430 hic
758 1371 910 1431 Dardanio
922 1371 1070 1430 Anchisae

329 1453 451 1528 armiger
464 1468 532 1511 ante
547 1452 604 1510 fuit
618 1452 750 1531 fidusque
764 1452 799 1512 ad
813 1453 915 1511 limina
929 1467 1034 1526 custos,

329 1549 392 1592 tum
406 1532 545 1591 comitem
559 1531 685 1591 Ascanio
699 1549 783 1611 pater
796 1533 919 1592 addidit.
959 1533 1020 1592 ibat
1032 1532 1143 1611 Apollo

328 1614 426 1672 omnia
439 1613 580 1690 longaevo
594 1612 705 1686 similis,
722 1634 881 1693 vocemque
895 1614 1080 1691 coloremque
1158 1631 1194 1680 eso

329 1710 359 1753 et
372 1695 466 1754 crines
481 1694 561 1753 albos
575 1709 604 1754 et
620 1715 703 1753 saeva
719 1694 867 1755 sonoribus
881 1713 969 1767 arma,

328 1791 415 1855 atque
429 1775 474 1834 his
488 1775 639 1834 ardentem
654 1774 741 1834 dictis
756 1776 870 1835 adfatur
883 1775 999 1834 Iulum:

309 1857 365 1915 ‘sit
379 1857 455 1929 satia,
469 1856 594 1928 Aenide‚
609 1856 675 1915 telis
690 1855 802 1934 inpune
817 1857 989 1916 Numanum

327 1937 483 2016 oppetiisse
499 1937 574 2008 tuis;
594 1937 720 2015 primam
734 1939 810 1996 hanc
825 1937 879 1996 tibi
893 1957 1011 2014 magnus
1024 1936 1134 2014 Apollo

328 2017 465 2078 concedit
478 2017 596 2077 laudem
611 2033 641 2076 et
655 2018 772 2095 paribus
788 2038 847 2076 non
861 2017 974 2077 invidet
987 2017 1093 2085 armis3

327 2114 424 2157 cetera
438 2118 533 2176 parce,
548 2118 631 2176 puer,
647 2098 744 2158 bello!
786 2098 827 2158 sic
841 2098 1042 2176 orsusApollo

327 2179 463 2238 mortales
477 2179 575 2238 medio
590 2195 722 2257 aspectus
738 2199 871 2240 sermone
885 2179 1003 2258 reliquit

328 2273 357 2318 et
370 2259 473 2337 procul
489 2260 520 2318 in
536 2275 656 2319 tenuem
672 2260 811 2338 eroculis
827 2259 945 2319 evanuit
958 2279 1064 2319 auram.

327 2340 489 2416 adgnovere
506 2339 594 2400 deum
609 2360 743 2418 proceres
758 2341 914 2419 divinaque
929 2341 988 2400 tela

326 2421 521 2494 Dardanidae,
532 2423 755 2500 pharetramque
771 2421 838 2498 fuga
852 2442 966 2482 sensere
980 2437 1143 2481 sonantem.
1157 2437 1193 2478 tto

327 2521 394 2578 ergo
408 2501 524 2562 avidum
538 2521 653 2579 pugnae
668 2501 754 2560 dictis
769 2523 802 2562 ac
818 2502 939 2562 numine
955 2500 1066 2560 Phoebi

325 2582 484 2642 Ascanium
494 2581 674 2660 prohibent3
696 2582 750 2661 ipsi
765 2582 796 2641 in
812 2583 969 2644 certamina
984 2603 1080 2642 rursus

326 2664 487 2723 succedunt
501 2662 671 2742 animasque
686 2663 718 2722 in
733 2679 831 2742 aperta
845 2663 975 2743 pericula
989 2663 1124 2722 mittunt.

326 2743 350 2801 it
364 2744 474 2802 damor
488 2743 555 2802 totis
569 2764 622 2821 per
637 2747 854 2823 propugnacula
866 2745 971 2817 muris3

324 2823 484 2884 intendunt
498 2844 575 2882 aeres
590 2845 673 2885 arcus
688 2843 894 2908 ammentaque
909 2841 1056 2906 torquent.

326 2905 463 2963 sternitur
477 2925 565 2964 omne
580 2906 674 2965 solum
690 2907 766 2980 telis,
781 2924 845 2967 tum
859 2923 939 2968 scuta
952 2926 1098 2986 cavaeque

325 2983 396 3044 dant
409 2986 537 3045 sonitum
552 2985 633 3047 flictu
649 2987 756 3064 galeae,
771 3009 868 3067 pugna
883 3009 981 3068 aspera
995 2987 1105 3064 surgit:

325 3081 450 3142 quantus
465 3069 501 3126 ab
516 3088 619 3128 occasu
635 3069 755 3128 veniens
769 3069 945 3148 pluvialibus
960 3069 1072 3128 Haedis

325 3145 455 3206 verberat
470 3149 563 3208 imber
578 3153 711 3224 humum,
726 3170 814 3229 quam
829 3151 922 3210 multa
935 3149 1077 3227 grandine
1093 3147 1182 3207 nimbi
1264 3195 1265 3212 ,

325 3226 356 3283 in
371 3226 443 3286 vada
457 3231 662 3308 praecipitant,
679 3251 746 3291 cum
761 3233 893 3310 Iuppiter
906 3231 1040 3290 horridus
1052 3227 1164 3289 Austris
1264 3213 1265 3258 l

325 3321 442 3385 torquet
456 3328 592 3387 aquosam
606 3310 734 3372 hiemem
746 3327 775 3372 et
787 3313 868 3372 caelo
879 3333 949 3372 cava
960 3311 1062 3373 nubila
1077 3309 1191 3388 rumpit.
1263 3359 1264 3366 ,

555 3403 602 3465 ⁶4⁶
619 3405 703 3456 ram..
768 3405 815 3467 ⁶⁶7
832 3406 935 3457 assisa.
1261 3413 1264 3548 p
