2568 4114
442 325 609 376 AENEIDOS
627 327 690 376 LIB.
707 329 745 376 VI
1000 342 1046 378 221

178 458 303 528 lumina,
316 456 562 535 praecipitemque
576 455 687 515 inmani
703 457 818 517 turbine
833 459 938 534 adegit.

180 559 235 598 nec
251 559 311 596 non
327 553 356 596 et
371 537 493 614 Tityon,
508 536 618 596 Terrae
632 537 840 617 omniparentis
855 541 1019 613 alumnum,

180 639 299 679 cernere
315 633 386 689 erat,
399 637 452 695 per
466 632 527 676 tota
541 639 646 678 novem
661 619 709 678 cui
724 619 819 694 iugera
834 640 938 699 corpus

178 699 351 779 porrigitur;
372 715 520 777 rostroque
535 698 659 758 inmanis
673 700 772 758 vultur
785 700 902 760 obunco

179 781 333 840 inmortale
348 779 428 839 iecur
442 780 567 838 tondens
581 780 762 859 fecundaque
777 781 877 857 poenis

178 862 289 920 viscera
302 861 480 939 rimaturque
495 860 588 939 epulis
602 860 770 940 habitatque
785 861 837 920 sub
852 862 911 921 alto

180 957 309 1021 pectore,
324 961 379 1000 nec
395 940 473 999 fibris
487 940 600 1020 requies
615 941 699 1000 datur
713 943 772 1000 ulla
787 943 904 1002 renatis.
1010 963 1049 1002 σω

180 1023 253 1102 quid
268 1041 424 1082 memorem
439 1021 587 1098 Lapithas,
601 1021 704 1080 Ixiona
720 1021 959 1101 Pirithoumque?

180 1122 252 1182 quos
267 1122 351 1182 super
365 1118 423 1162 atra
438 1102 511 1160 siler
525 1101 581 1159 iam
597 1101 654 1159 iam
670 1102 782 1180 lapsura
797 1103 972 1183 cadentique

180 1183 307 1243 inminet
320 1181 480 1242 adsimilis:
501 1182 602 1241 lucent
616 1182 777 1258 genialibus
792 1183 855 1242 altis

182 1285 266 1324 aurea
280 1263 372 1322 fulcra
387 1262 465 1333 toris,
479 1263 640 1341 epulaeque
654 1279 720 1322 ante
734 1285 782 1322 ora
795 1280 911 1343 paratae

181 1345 299 1422 regifico
313 1345 382 1402 luxu
395 1366 406 1411 3
427 1343 576 1403 Furiarum
591 1343 717 1402 maxima
731 1344 811 1402 iuxta

182 1426 314 1496 accubat,
327 1441 357 1484 et
370 1423 501 1483 manibus
515 1424 650 1502 prohibet
664 1424 831 1500 contingere
845 1446 967 1499 mensas,

182 1506 366 1584 exsurgitque
380 1505 473 1564 facem
488 1506 633 1577 attollens,
648 1522 734 1584 atque
748 1506 863 1566 intonat
876 1528 934 1567 ore.

180 1588 241 1659 hic,
256 1586 359 1666 quibus
374 1585 459 1646 invisi
475 1586 582 1659 fratres,
597 1587 668 1645 dum
683 1587 742 1646 vita
755 1588 899 1660 manebat,

182 1669 346 1747 pulsatusve
360 1681 470 1746 parens,
486 1683 515 1726 et
530 1667 606 1726 fraus
621 1667 727 1726 innexa
742 1668 854 1740 clienti,

182 1765 231 1808 aut
245 1748 295 1827 qui
310 1747 418 1807 divitiis
433 1747 485 1806 soli
500 1747 658 1807 incubuere
672 1749 801 1826 repertis,
1011 1767 1050 1808 σω

181 1849 236 1890 nec
251 1845 362 1906 partem
376 1848 496 1906 posuere
511 1828 578 1900 suis,
592 1848 665 1906 quae
680 1828 805 1888 maxima
819 1829 903 1888 turba
919 1845 971 1901 est,

182 1910 290 1989 quique
304 1909 342 1968 ob
355 1909 527 1968 adulterium
542 1909 625 1981 caesi,
641 1908 750 1987 quique
763 1929 840 1968 arma
854 1909 946 1969 secuti

184 1991 274 2068 inpia,
288 2010 343 2049 nec
358 1990 442 2049 veriti
457 1989 640 2048 dominorum
656 1990 755 2049 fallere
769 1990 892 2061 dextras,

118 2121 120 2128 .
182 2071 287 2130 inclusi
302 2091 425 2149 poenam
441 2086 619 2147 exspectant.
661 2090 698 2128 ne
712 2091 818 2150 quaere
831 2070 928 2131 doceri

182 2173 270 2230 quam
284 2171 418 2230 poenam,
432 2167 481 2210 aut
496 2170 570 2230 quae
585 2151 675 2209 forma
689 2151 763 2210 viros
778 2152 927 2212 fortunave
942 2151 1048 2211 mersit.

182 2254 282 2292 aarum
297 2233 397 2308 ingens
411 2232 533 2291 volvunt
547 2230 606 2303 alii,
621 2231 740 2291 radiisve
754 2248 880 2291 rotarum

182 2313 304 2374 districti
319 2314 469 2392 pendent;
490 2313 570 2373 sedet
584 2328 790 2392 aeternumque
805 2313 914 2373 sedebit

183 2394 287 2453 infelix
301 2395 433 2454 Theseus
447 2418 456 2464 3
479 2393 676 2471 Phlegyasque
690 2393 864 2453 miserrimus
878 2413 978 2452 omnes

183 2475 331 2546 admonet,
345 2490 374 2533 et
388 2494 491 2551 magna
507 2489 627 2534 testatur
642 2494 712 2533 voce
727 2494 778 2552 per
792 2473 904 2532 umbras
918 2496 927 2532 ε

152 2562 171 2590 “
182 2555 284 2616 discite
298 2555 438 2615 iustitiam
452 2555 556 2614 moniti
572 2571 601 2614 et
616 2575 674 2613 non
690 2570 818 2614 temnere
832 2552 936 2613 divos.''
1012 2573 1051 2614 ιω

182 2636 314 2698 vendidit
328 2637 375 2696 hic
390 2657 459 2697 auro
473 2635 605 2714 patriam,
622 2636 830 2714 dominumque
844 2650 994 2712 potentem

182 2718 321 2795 inposuit,
335 2717 398 2776 fixit
412 2718 488 2794 leges
502 2717 596 2796 pretio
611 2726 697 2796 atque
711 2716 829 2788 refixit3

182 2799 231 2857 hic
247 2799 406 2858 thalamum
421 2797 527 2857 invasit
541 2812 626 2857 natae
641 2796 801 2876 vetitosque
815 2798 987 2875 hymenaeos
1002 2819 1009 2856 :

181 2878 242 2938 ausi
257 2899 357 2938 omnes
371 2880 487 2938 inmane
502 2879 592 2951 nefas,
608 2899 731 2957 ausoque
745 2877 839 2955 potiti.

182 2977 253 3031 non,
267 2959 339 3017 mihi
353 2959 375 3018 si
390 2959 505 3036 linguae
520 2975 638 3018 centum
654 2959 711 3018 sint
725 2979 830 3037 oraque
845 2974 974 3031 centum,

183 3039 276 3098 ferrea
290 3059 357 3112 vox,
370 3060 471 3101 omnes
485 3040 626 3099 scelerum
642 3040 849 3117 comprendere
863 3039 977 3110 formas,

182 3121 281 3179 omnia
293 3141 450 3198 poenarum
464 3140 628 3199 percurrere
644 3120 763 3180 nomina
776 3118 899 3198 possim!

223 3201 295 3260 haec
310 3201 360 3260 ubi
375 3201 453 3260 dicta
467 3200 547 3261 dedit
562 3200 671 3259 Phoebi
686 3201 825 3277 longaeva
839 3201 965 3260 sacerdos
980 3223 987 3259 :

162 3281 233 3340 ‘sed
247 3281 305 3340 iam
319 3301 379 3359 age,
394 3303 478 3360 carpe
492 3282 580 3353 viam,
591 3296 620 3340 et
634 3298 800 3360 susceptum
815 3282 920 3360 perfice
934 3300 1049 3340 munus.

210 3385 259 3440 port
276 3375 321 3423 ⁶01
334 3375 429 3439 firtarre
440 3375 520 3423 excidit
536 3391 618 3424 untur.
651 3375 699 3423 602
714 3391 767 3438 quo.
801 3377 850 3438 604
864 3383 978 3437 paternae.
