2562 4114
441 348 607 398 nuumnos
624 349 688 399 ms.
704 350 729 396 x
992 362 1036 413 ,οι

173 498 241 538 cum
255 477 392 556 deprensa
407 478 535 537 fremunt
549 477 636 550 silvis,
650 495 679 538 et
693 500 778 538 caeca
791 481 922 540 volutant

172 577 329 630 murmura,
343 574 478 618 venturos
491 558 585 618 nautis
598 560 748 639 prodentia
762 577 871 621 ventos.

172 654 236 698 tum
249 639 334 698 Pater
344 639 540 719 omnipotens,
554 660 650 699 rerum
665 641 712 701 cui
727 661 838 701 summa
850 658 988 720 potestas,
1003 674 1041 703 ιω

172 719 260 790 infit;
281 740 316 779 eo
333 719 451 780 dicente
466 721 554 780 deum
569 722 671 781 domus
686 722 744 780 alta
759 721 876 796 silescit,

173 815 203 859 et
218 801 389 860 tremefacta
404 802 465 860 solo
480 801 568 861 tellus
581 827 591 873 ς
611 801 678 862 silet
692 801 797 862 arduus
812 805 934 873 aether3

172 895 235 940 tum
270 881 400 960 Zephyri
435 903 582 960 posuere3
616 883 723 961 premit
760 884 876 962 placida
916 905 1040 964 aequore

252 977 376 1040 pontus:
551 1029 553 1034 ,

151 1041 294 1120 ‘accipite
309 1064 376 1120 ergo
390 1043 495 1102 animis
509 1060 597 1122 atque
610 1046 682 1103 haec
697 1065 761 1104 mea
776 1045 856 1121 figite
870 1046 957 1106 dicta.

171 1123 408 1203 quandoquidem
422 1124 566 1184 Ausonios
580 1125 720 1201 coniungi
734 1126 854 1184 foedere
868 1127 993 1186 Teucris

170 1203 249 1263 haud
264 1204 390 1278 licitum,
406 1224 461 1264 nec
476 1221 570 1264 vestra
585 1205 663 1284 capit
677 1206 820 1266 discordia
835 1206 946 1266 finem:

170 1304 245 1363 quse
264 1283 371 1364 cuique
391 1300 435 1346 est
456 1286 573 1346 fortuna
593 1287 690 1359 hodie,
711 1307 798 1366 quarn
816 1287 939 1366 quisque
960 1304 1037 1349 secat

251 1385 342 1438 sem,

171 1445 247 1504 Tros
262 1387 428 1505 iutulusne
444 1447 515 1519 fust,
530 1448 614 1506 nullo
629 1447 797 1507 discrimine
811 1449 935 1522 habebo,

169 1546 220 1585 seu
234 1527 299 1585 fatis
314 1527 424 1586 Italum
438 1543 529 1586 castra
543 1527 694 1587 obsidione
710 1543 859 1602 tenentur,

169 1606 229 1665 sive
244 1627 339 1666 errore
353 1608 430 1667 melo
446 1608 555 1667 Troiae
569 1609 746 1688 monitisque
761 1609 892 1670 sinistris.
999 1641 1037 1670 110

170 1707 224 1746 nec
240 1687 365 1748 Rutulos
379 1689 471 1749 solvo.
513 1709 563 1749 sus
577 1689 684 1769 cuique
700 1711 799 1749 exorsa
813 1691 942 1751 laborem

169 1768 373 1848 fortunamque
387 1770 493 1830 ferent.
535 1790 587 1828 rex
601 1770 733 1848 Iuppiter
747 1771 881 1830 omnibus
895 1771 986 1831 idem.

169 1849 226 1908 fata
240 1849 317 1909 viam
332 1849 506 1910 invenient!
549 1849 640 1927 Stygii
655 1870 706 1926 per
720 1849 842 1909 flumina
856 1851 962 1923 fratris,

168 1949 220 2008 per
234 1929 300 2007 pice
315 1944 457 1989 torrentes
472 1944 590 2008 atraque
604 1930 738 2005 voragine
752 1931 827 2009 ripas

168 2009 279 2082 adnuit,
296 2024 325 2068 et
340 2025 433 2069 totum
448 2025 522 2068 nutu
538 2010 702 2070 tremefecit
717 2011 889 2090 Olympum.

167 2089 216 2148 hic
232 2090 298 2148 linis
313 2089 403 2150 sandi.
446 2090 518 2148 solio
534 2105 597 2149 tum
611 2091 745 2169 Iuppiter
758 2113 844 2152 aureo

168 2170 265 2246 surgit,
281 2170 436 2230 caelicolae
451 2170 582 2230 medium
597 2191 684 2250 quem
700 2171 735 2229 ad
750 2172 852 2231 limina
867 2173 990 2234 ducunt.

208 2251 321 2310 interea
334 2250 436 2310 Rutuli
450 2251 541 2329 portis
556 2251 667 2311 circum
682 2253 816 2312 omnibus
831 2253 940 2312 instant

167 2346 298 2410 sternere
312 2331 401 2391 caede
415 2332 491 2391 viros
507 2348 537 2391 et
550 2333 665 2392 moenia
679 2333 796 2409 cingere
810 2333 943 2395 flammis.

168 2427 197 2471 st
211 2411 288 2489 legio
302 2413 475 2473 Aeneadum
491 2413 574 2472 vallis
589 2413 702 2472 obsessa
717 2429 843 2487 tenetur,
996 2445 1035 2474 m

168 2513 223 2553 nec
238 2513 301 2572 spes
316 2494 375 2554 ulls
390 2495 483 2570 fugae.
528 2493 625 2552 miseri
640 2509 717 2554 stant
731 2495 855 2555 turribus
870 2495 934 2554 altis

168 2575 355 2654 nequiquam,
372 2591 401 2635 et
415 2596 476 2634 rara
491 2595 588 2635 muros
602 2574 723 2634 cinxere
737 2596 843 2635 corona

165 2655 250 2714 Asius
264 2655 434 2715 Imbrasides
450 2655 699 2735 Hicetaoniusque
714 2657 895 2734 Thymoetes

165 2737 354 2832 Assaracique
368 2736 427 2797 duo
441 2751 471 2795 et
485 2736 581 2795 senior
595 2757 662 2795 cum
678 2737 798 2796 Castore
813 2736 981 2814 Thymbris,

166 2815 259 2895 prima
274 2838 371 2890 acres;
391 2820 443 2876 hos
457 2817 584 2894 germani
601 2818 773 2895 Sarpedonis
788 2819 882 2888 ambo,

168 2912 197 2956 et
211 2896 313 2958 Clarus
328 2914 357 2958 et
371 2898 521 2969 Themon,
536 2897 625 2975 Lycia
640 2898 816 2957 comitantur
830 2899 864 2957 rb
879 2898 947 2958 alta.

167 2978 226 3037 fert
239 2978 342 3054 ingens
352 2994 415 3038 toto
430 2978 551 3038 conixus
565 2998 684 3056 corpore
700 2999 808 3049 sexum,

166 3058 245 3117 haud
260 3075 372 3137 partem
387 3059 518 3136 exiguam
532 3059 651 3130 montis,
664 3059 821 3136 Lyrnesius
835 3060 960 3132 Acmon,

166 3158 221 3199 nec
236 3138 338 3216 Clytio
352 3139 481 3216 genitore
494 3140 590 3200 minor
605 3159 659 3198 nec
674 3140 760 3199 fratre
775 3141 962 3202 Menestheo.

166 3218 197 3278 hi
204 3213 323 3293 iaculis,
338 3219 383 3279 illi
398 3235 511 3281 certant
525 3221 684 3280 defendere
698 3221 780 3294 saris,
996 3249 1034 3289 ῳ

166 3299 320 3380 molirique
334 3300 440 3378 ignem,
455 3321 602 3382 nervoque
616 3316 713 3380 aptare
727 3302 848 3378 sagittas.

396 3409 442 3444 roo
458 3395 540 3458 prims.
608 3395 763 3446 12⁶ab1da.
