2568 4114
431 384 598 432 AENEIDOS
616 385 680 434 LIB.
698 382 749 432 v11
995 396 1043 446 aaa

178 529 208 572 et
222 512 347 591 primam
361 526 429 572 ante
444 512 538 573 aciem
553 513 643 572 densa
657 512 736 570 inter
751 512 809 570 tela
824 511 981 579 feruntur;

178 615 233 654 ceu
248 594 306 652 duo
322 591 485 671 nubigenae
499 613 568 652 cum
582 591 692 651 vertice
707 591 814 650 montis
829 592 864 650 ab
880 592 939 652 alto

178 674 362 734 descendunt
377 673 528 746 Centauri,
547 673 697 733 Homolen
717 673 902 765 Othrquue
918 672 1044 735 nivalem
1080 679 1083 683 '

177 755 346 834 linquentes
361 775 445 815 cursu
460 754 583 833 rapido,
604 755 654 813 dat
668 752 829 814 euntibus
821 773 922 832 ingens

177 835 250 902 silva
264 836 371 908 locum,
388 850 417 895 et
431 855 536 914 magno
551 835 660 895 cedunt
675 834 800 927 virgulta
816 834 936 916 fragore.

219 936 274 978 nec
291 915 495 976 Praenestinae
510 916 647 978 fundator
662 914 759 978 defuit
773 915 860 988 urbis,

178 997 315 1057 Vulcano
328 996 462 1074 genitum
476 1017 581 1075 pecora
596 996 674 1060 inter
689 995 809 1075 agrestia
824 1016 922 1074 regern

176 1077 390 1160 inventumque
406 1077 478 1137 focis
493 1076 587 1136 omnis
602 1097 689 1157 quem
705 1076 830 1136 credidit
844 1093 932 1150 aetas,
1007 1095 1046 1135 eso

178 1159 335 1220 Caeculus
377 1160 458 1218 hunc
473 1157 549 1234 legio
564 1159 622 1216 late
638 1157 795 1217 comitatur
809 1172 948 1238 agrestis,

176 1239 286 1318 quique
302 1241 395 1299 altum
410 1238 607 1302 Praeneste
580 1238 644 1313 vrri,
660 1238 769 1320 quique
785 1260 851 1300 arva
866 1237 1000 1302 Gabinae

178 1320 300 1379 Iunonis
315 1319 503 1399 gelidumque
517 1319 665 1379 Anienem
680 1335 710 1380 et
725 1318 874 1380 roscida
851 1318 918 1378 rivis

178 1400 310 1462 Hernica
325 1421 391 1460 saxa
406 1401 530 1472 colunt·
551 1421 622 1479 quos
638 1399 718 1460 dives
733 1399 868 1476 Anagnia
881 1398 983 1478 pascit,

177 1502 258 1560 quos,
273 1482 419 1560 Amasene
432 1497 524 1559 pater.
567 1501 627 1540 non
643 1480 701 1540 illis
716 1480 851 1540 omnibus
866 1500 944 1541 arma

178 1583 233 1621 nec
247 1562 336 1641 clipei
352 1582 488 1624 currusve
502 1576 616 1622 sonant
658 1583 723 1640 pars
738 1561 865 1620 maxima
878 1559 997 1636 glandes

177 1643 294 1702 liventis
308 1642 422 1721 plumbi
437 1641 566 1722 spargit,
586 1664 651 1721 pars
666 1641 778 1724 spicula
792 1656 884 1718 gestat

176 1723 246 1783 bina
260 1744 359 1796 manu,
374 1724 527 1817 fulvosque
543 1723 606 1803 lupi
621 1724 657 1784 de
672 1722 751 1800 pelle
765 1722 875 1814 galeros

177 1820 295 1898 tegmen
309 1805 420 1864 habent
434 1804 546 1882 capiti3
567 1804 688 1882 vestigia
704 1803 782 1862 nuda
797 1801 904 1861 sinistri

176 1883 329 1944 instituere
345 1885 436 1965 pedis,
452 1885 559 1944 crudus
576 1883 646 1960 tegit
661 1883 750 1941 altera
764 1903 844 1961 pero.
1008 1901 1046 1952 ιφ

218 1980 247 2024 at
262 1966 424 2044 Messapus,
439 1985 548 2058 equum
563 1961 698 2057 domitor,
714 1962 866 2040 Neptunia
880 1962 984 2041 proles,

175 2067 265 2139 quem
279 2066 375 2125 neque
391 2045 455 2105 fas
448 2043 508 2121 igni
524 2044 661 2122 cuiquam
677 2064 731 2106 nec
747 2058 874 2102 sternere
890 2044 975 2116 ferro,

175 2127 234 2186 iarn
243 2127 364 2220 pridem
379 2125 485 2187 resides
499 2125 624 2204 populos
639 2124 816 2206 desuetaque
832 2123 909 2184 bello

176 2206 291 2284 agmina
306 2207 337 2266 in
352 2227 430 2268 arma
444 2221 529 2266 vocat
544 2205 651 2284 subito,
667 2206 834 2298 ferrumque
849 2219 997 2267 retractat.

174 2289 206 2346 hi
223 2287 419 2352 Fescenninas
433 2287 509 2346 acies
522 2279 700 2379 Aequosque
716 2285 851 2359 Faliscos,

165 2369 207 2430 .hi
223 2367 346 2428 Soractis
361 2367 472 2428 habent
485 2389 563 2428 arces
579 2366 769 2448 Flaviniaque
784 2388 859 2439 arva,

176 2464 206 2510 et
221 2448 334 2509 Cimini
349 2469 417 2511 cum
432 2464 532 2510 monte
547 2450 644 2508 lac-um
663 2449 802 2526 lucosque
818 2447 964 2525 Capenos.

176 2529 259 2590 ibant
273 2529 389 2609 aequati
405 2550 536 2602 numero,
552 2548 708 2668 regpmque
722 2527 889 2588 canebant:

177 2631 231 2670 ceu
246 2609 439 2690 quondam
409 2631 487 2670 niver
480 2609 576 2689 liqui
629 2625 707 2670 mter
720 2608 822 2670 nubila
837 2607 922 2686 cycni

176 2711 245 2752 cum
260 2712 319 2750 sese
335 2712 351 2752 e
365 2706 449 2769 pastu
464 2691 596 2756 referunt
611 2705 640 2749 et
654 2690 739 2784 longa
754 2709 875 2750 canoros
1008 2719 1047 2758 ιω

177 2773 249 2835 dant
262 2793 314 2851 per
328 2772 404 2835 colla
418 2772 541 2839 modos,
534 2795 540 2808 ·
562 2787 646 2834 sonat
660 2769 752 2834 amnis
767 2785 798 2830 et
811 2769 879 2832 Asia
894 2770 980 2848 longe

177 2854 261 2931 pulsa
274 2853 367 2932 palus.

178 2954 233 2992 nec
248 2933 400 3012 quisquam
415 2949 523 2992 aeratas
538 2933 613 2991 acies
629 2953 665 2990 ex
677 2931 795 3024 agmine
811 2947 893 2992 tanto

178 3013 292 3073 misceri
307 3029 404 3093 putet,
418 3014 524 3074 aeriam
539 3014 590 3073 sed
604 3012 715 3089 gurgite
731 3013 767 3074 ab
782 3012 843 3072 alto

179 3115 292 3171 urgueri
284 3094 460 3156 volucrum
474 3114 626 3156 raucarum
641 3093 678 3153 ad
693 3093 779 3151 litora
794 3092 913 3156 nubem.

219 3196 298 3248 ecce,
314 3176 489 3240 Sabinorum
502 3175 597 3254 prisco
611 3175 648 3235 de
663 3173 803 3265 sanguine
818 3194 955 3268 magnum

178 3275 282 3332 agmen
297 3277 384 3332 agens
399 3257 532 3328 Clausus,
548 3255 703 3334 magnique
718 3253 788 3346 ipse
795 3253 916 3330 agminis
931 3253 1029 3323 instar,

178 3335 302 3395 Claudia
317 3357 396 3396 nunc
411 3358 428 3396 a
442 3356 501 3415 quo
515 3335 691 3396 diffunditur
708 3351 738 3394 et
753 3333 843 3394 tribus
860 3350 889 3394 et
903 3355 972 3414 gens

177 3439 229 3496 per
243 3417 371 3491 Latium,
385 3433 540 3496 postquam
554 3416 585 3474 in
602 3431 715 3496 partem
730 3415 797 3476 data
812 3416 905 3473 Roma
922 3412 1044 3472 Sabinis.
