2558 4112
253 301 296 336 112
528 289 555 336 P.
573 287 716 338 VERGILI
734 288 891 337 MARONIS

293 438 373 476 nunc
390 417 542 476 Phoenissa
557 433 637 475 tenet
652 417 731 475 Dido
746 417 915 496 blandisque
930 438 1058 480 moratur
1126 443 1164 492 670
1260 445 1262 454 ’

291 499 410 558 vocibus
422 523 432 566 3
453 514 482 557 et
496 519 604 568 vereor,
619 519 677 578 quo
691 519 720 557 se
736 499 861 556 Iunonia
874 517 987 560 vertant

291 579 435 657 hospitia;
455 579 532 638 haud
546 595 626 638 tanto
641 578 761 638 cessabit
776 579 890 639 cardine
906 601 1012 642 rerum.

291 660 426 739 quocirca
439 680 540 736 capere
555 676 621 719 ante
636 659 708 718 dolis
724 675 753 718 et
768 660 885 737 cingere
899 661 1014 721 flamma

291 740 419 818 reginam
434 741 567 811 meditor,
582 761 618 800 ne
634 761 692 820 quo
707 761 735 800 se
751 741 872 800 numine
887 759 989 814 mutet,

291 823 339 880 sed
353 841 458 898 magno
472 823 588 880 Aeneae
604 841 720 880 mecum
737 837 868 880 teneatur
882 843 986 884 amore·

291 924 347 980 qua
361 903 454 961 facere
469 902 499 960 id
513 901 607 979 possis,
626 918 751 961 nostram
766 922 846 961 nunc
862 903 961 982 accipe
975 919 1113 966 mentem.

290 983 383 1060 regius
398 983 492 1042 accitu
508 983 565 1042 cari
581 983 717 1059 genitoris
733 984 768 1042 ad
784 984 884 1042 urbem

292 1063 437 1123 Sidoniam
452 1084 523 1141 puer
537 1065 578 1122 ire
594 1080 681 1142 parat,
698 1085 761 1123 mea
776 1065 900 1124 maxima
914 1085 991 1136 cura,

290 1146 366 1204 dona
379 1146 474 1204 ferens
489 1146 590 1223 pelago
606 1161 635 1204 et
649 1145 771 1204 flammis
787 1145 920 1205 restantia
935 1146 1041 1206 Troiae
1055 1172 1064 1218 ς

290 1227 369 1284 hunc
385 1246 437 1302 ego
452 1226 576 1302 sopitum
592 1247 692 1285 somno
707 1247 790 1304 super
805 1226 861 1284 alta
876 1225 1003 1304 Cythera
1123 1245 1161 1286 sao

290 1323 339 1366 aut
353 1327 437 1384 super
451 1307 576 1366 Idalium
592 1324 698 1366 sacrata
714 1307 779 1366 sede
795 1308 957 1380 recondam,

290 1407 327 1446 ne
342 1409 398 1466 qua
412 1387 483 1446 scire
497 1388 576 1446 dolos
593 1388 740 1447 mediusve
756 1409 905 1448 occurrere
918 1389 1017 1466 possit.

290 1485 321 1527 tu
337 1467 440 1526 faciem
454 1468 533 1526 illius
548 1483 667 1527 noctem
683 1489 741 1527 non
758 1469 880 1548 amplius
895 1490 981 1528 unam

290 1550 358 1608 falle
373 1549 439 1607 dolo
453 1564 482 1607 et
496 1565 578 1608 notos
593 1549 674 1626 pueri
690 1570 761 1627 puer
775 1549 863 1610 indue
877 1551 983 1621 vultus,

291 1645 332 1701 ut,
347 1649 415 1688 cum
429 1645 458 1688 te
473 1629 581 1706 gremio
596 1630 718 1708 accipiet
734 1631 884 1690 laetissima
898 1631 977 1690 Dido

290 1712 396 1787 regales
410 1710 486 1769 inter
501 1731 610 1769 mensas
626 1711 799 1790 laticemque
815 1712 953 1789 Lyaeum,

290 1813 359 1851 cum
373 1792 451 1850 dabit
465 1792 614 1869 amplexus
629 1809 714 1871 atque
729 1793 826 1851 oscula
840 1793 935 1852 dulcia
950 1793 1027 1868 liget,

289 1874 440 1932 occultum
455 1872 575 1952 inspires
590 1873 687 1948 ignem
702 1873 839 1952 fallasque
855 1871 986 1933 veneno.'

289 1969 369 2033 paret
382 1954 474 2011 Amor
488 1953 571 2012 dictis
587 1975 666 2013 carae
681 1954 842 2030 genetricis,
858 1971 887 2014 et
902 1954 957 2013 alas

290 2033 370 2093 exuit
385 2049 413 2092 et
427 2053 520 2108 gressu
535 2035 660 2110 gaudens
674 2035 784 2095 incedit
799 2035 867 2095 Iuli.
1122 2053 1159 2106 690

289 2132 317 2175 at
332 2116 433 2174 Venus
447 2115 571 2174 Ascanio
585 2115 727 2194 placidam
742 2137 793 2193 per
807 2117 936 2176 membra
950 2117 1078 2196 quietem

262 2241 264 2245 ,
289 2195 400 2272 inrigat,
416 2210 445 2255 et
459 2196 553 2256 fotum
567 2198 675 2272 gremio
689 2198 742 2256 dea
757 2197 834 2256 tollit
849 2198 879 2256 in
895 2199 966 2256 altos

289 2276 395 2336 Idaliae
410 2278 499 2348 lucos,
515 2278 563 2338 ubi
579 2279 673 2337 mollis
687 2279 929 2338 amaracusillum

288 2359 405 2418 floribus
419 2375 448 2418 et
462 2360 541 2419 dulci
556 2360 699 2438 adspirans
714 2359 918 2438 complectitur
933 2360 1044 2420 umbra.

329 2441 443 2520 iamque
457 2439 516 2498 ibat
530 2439 609 2500 dicto
621 2461 723 2519 parens
738 2457 767 2500 et
782 2441 857 2500 dona
872 2439 989 2518 Cupido

288 2521 363 2596 regia
377 2522 505 2599 portabat
520 2521 617 2598 Tyriis
631 2522 705 2581 duce
721 2522 811 2582 laetus
826 2523 947 2580 Achate.

288 2609 356 2661 cum
372 2603 462 2674 venit,
476 2602 579 2661 aulaeis
594 2602 651 2661 iam
665 2623 694 2661 se
709 2602 805 2679 regina
820 2602 947 2680 superbis

288 2703 371 2741 aurea
385 2683 545 2760 composuit
559 2683 667 2762 sponda
682 2684 863 2762 mediamque
879 2681 1007 2752 locavit;

288 2763 344 2822 iam
359 2779 438 2840 pater
452 2766 564 2822 Aeneas
579 2780 608 2824 et
623 2763 680 2823 iam
696 2764 824 2823 Troiana
838 2765 972 2823 iuventus

287 2845 476 2916 conveniunt,
492 2861 634 2925 stratoque
650 2866 734 2922 super
749 2845 939 2904 discumbitur
953 2859 1038 2902 ostro.
1120 2872 1157 2911 ⁷00

287 2924 356 2983 dant
370 2926 502 2985 manibus
516 2927 616 2985 famuli
631 2926 771 3004 lymphas,
788 2925 982 3004 Cereremque
997 2922 1127 2983 canistris

287 3005 453 3084 expediunt,
469 3008 613 3087 tonsisque
629 3007 727 3066 ferunt
741 3006 877 3065 mantelia
891 3005 977 3065 villis.

287 3086 494 3165 quinquaginta
508 3089 585 3148 intus
600 3089 732 3158 famulae,
748 3087 853 3180 quibus
867 3086 966 3146 ordine
982 3086 1097 3160 longam

287 3187 354 3225 cura
368 3187 477 3244 penum
492 3187 598 3228 struere
614 3186 642 3228 et
657 3167 779 3228 flammis
793 3167 905 3226 adolere
922 3168 1041 3226 Penates
1054 3191 1063 3235 3

285 3263 406 3307 centum
421 3249 490 3307 aliae
506 3251 683 3328 totidemque
697 3269 777 3327 pares
790 3263 881 3308 aetate
897 3246 1029 3318 ministri,

447 3343 494 3404 670
510 3343 583 3393 hunc.
616 3358 661 3405 70¹
681 3345 790 3391 famulae.
824 3355 870 3404 703
889 3343 966 3402 longo.
