2558 4112
440 356 607 405 nnunoos
624 357 686 406 nna.
705 356 730 406 11
998 371 1042 422 ης

169 507 260 582 3⁸9⁵,
256 485 307 545 ubi
322 486 466 545 confertos
481 486 607 545 audere
599 507 629 545 1n
644 488 752 564 proelia
766 489 835 561 vidi,

169 567 281 645 incipio
295 586 380 661 super
393 567 490 628 his:‘
498 567 624 640 iuvenes,
639 569 790 628 fortissima
805 571 908 630 frustra

169 664 298 727 pectora,
313 668 335 706 ss
327 648 429 707 'vobis
443 649 596 710 audentem
611 665 741 710 extrema
754 651 860 728 cupido

170 745 249 790 certa
263 728 354 807 sequi,
368 749 440 808 quae
455 729 491 789 sit
504 730 587 789 rebus
602 730 716 790 fortuna
729 731 851 791 videtis·
1002 762 1041 803 350

170 829 319 871 excessere
333 829 443 904 omnes,
458 810 547 887 adytis
562 811 671 890 arisque
685 812 803 884 relictis,

170 890 210 963 di,
224 889 352 971 quibus
342 891 497 968 rmperium
510 893 566 951 hoc
581 834 717 961 adieram
738 893 902 953 succurritis
915 895 979 954 urbi

170 971 326 1031 incensae:
348 971 511 1066 moriamur,
528 988 556 1032 et
570 972 601 1032 in
616 973 711 1032 media
725 994 802 1033 arma
815 993 940 1036 ruamus.

170 1073 228 1113 una
242 1053 355 1112 salus
329 1052 413 1113 vrctis
427 1053 538 1112 nullam
553 1073 665 1131 sperare
679 1053 819 1114 salutem.’

171 1134 211 1194 sic
226 1133 329 1193 animis
342 1133 481 1194 iuvenum
495 1133 574 1194 furor
588 1135 709 1194 additus.
750 1135 827 1208 inde,
843 1135 905 1214 lupi
919 1156 974 1197 eeu

170 1231 298 1293 raptores
311 1230 370 1274 atra
383 1214 415 1274 in
429 1215 546 1287 nebula,
559 1236 631 1294 quos
644 1215 765 1293 inproba
778 1217 885 1290 ventris

171 1296 269 1374 exegit
283 1317 383 1357 caecos
397 1295 497 1368 rabies,
512 1297 658 1376 catulique
672 1297 767 1357 relicti

171 1377 302 1437 faucibus
316 1393 483 1455 exspectant
497 1377 589 1449 siccis,
604 1399 656 1455 per
670 1379 735 1449 tela,
751 1397 802 1456 per
815 1379 909 1438 hostes

171 1458 301 1517 vadimus
314 1459 391 1518 hand
405 1457 522 1517 dubiam
537 1458 568 1517 in
582 1474 716 1531 mortem,
726 1459 837 1518 mediae
858 1480 894 1518 ue
910 1475 1040 1519 tenemus

171 1539 249 1598 urbis
263 1539 337 1599 iter:
359 1559 418 1598 nox
433 1555 493 1598 atra
507 1559 575 1598 cava
589 1539 844 1600 circumvolutum
879 1559 903 1600 a.
1003 1559 1042 1609 3⁶0

171 1619 235 1698 quis
250 1620 361 1680 cladem
375 1619 454 1679 illius
468 1619 572 1692 noctis,
587 1620 650 1699 quis
664 1621 765 1680 funera
778 1621 866 1680 fando

171 1699 308 1778 explicet,
324 1717 373 1761 ant
387 1701 474 1779 possit
488 1701 613 1760 lacrimis
627 1723 747 1780 aequare
762 1703 892 1761 labores?

171 1781 239 1842 urbs
253 1781 371 1859 antiqua
383 1781 451 1854 ruit,
466 1783 573 1842 multos
588 1782 734 1841 dominata
746 1803 797 1860 per
811 1802 900 1840 annos
914 1806 921 1842 :

171 1862 296 1941 plurima
310 1883 417 1941 perque
431 1862 489 1922 vias
504 1879 670 1922 sternuntur
683 1863 787 1922 inertia
800 1863 902 1940 passim

171 1963 300 2021 corpora,
314 1963 420 2023 perque
435 1944 533 2003 domos
548 1958 577 2002 et
592 1942 720 2020 religiosa
734 1945 852 2003 deorum

171 2024 283 2084 limina.
324 2043 378 2084 nec
393 2024 445 2084 soli
459 2045 565 2103 poenas
580 2024 649 2084 dant
664 2024 799 2102 sanguine
815 2024 924 2084 Teucri
937 2047 947 2096 ;

172 2105 317 2184 quondam
332 2105 418 2164 etiam
432 2105 517 2164 victis
531 2105 605 2165 redit
619 2105 650 2164 in
664 2106 830 2184 praecordia
844 2105 944 2177 virtus,

171 2186 353 2264 victoresque
368 2187 475 2246 cadunt
489 2185 593 2246 Danai.
636 2186 760 2245 crudelis
774 2187 882 2266 ubique

171 2268 278 2338 luctus,
293 2267 399 2346 ubique
414 2287 509 2346 pavor,
524 2283 554 2326 et
567 2266 693 2344 plurima
707 2267 807 2326 mortis
820 2267 924 2344 imago.

212 2348 324 2426 primus
337 2368 375 2419 se,
391 2348 526 2407 Danaum
542 2367 646 2441 magna
660 2346 817 2407 comitante
832 2363 954 2418 caterva,
1004 2376 1043 2416 370

172 2429 341 2506 Androgeos
354 2429 439 2488 offert
453 2429 545 2500 nobis,
560 2429 636 2488 socia
650 2428 764 2505 agmina
778 2428 897 2486 credens

172 2509 289 2581 inscios,
305 2525 389 2603 atque
404 2509 480 2568 ultro
495 2510 587 2570 verbis
603 2509 794 2587 compellat
774 2508 893 2568 amicis:

155 2591 360 2662 ‘festinate,
332 2589 397 2650 vrri.
438 2610 505 2650 nam
519 2611 592 2685 quae
608 2606 667 2649 tam
682 2611 743 2649 sera
756 2605 881 2649 moratur
929 2633 931 2638 .

173 2671 329 2748 segnities?
350 2670 398 2730 alii
412 2671 527 2749 rapiunt
541 2671 660 2731 incensa
675 2672 827 2751 feruntque

175 2751 335 2830 Pergama;
356 2772 406 2811 vos
419 2752 502 2811 celsis
515 2773 594 2812 nunc
610 2752 737 2846 primum
752 2773 769 2811 a
782 2750 923 2810 navibus
914 2750 981 2810 rtis.
974 2749 980 2791 ¹
991 2747 999 2774 ‘

173 2833 269 2901 dixit,
290 2849 320 2892 et
334 2834 617 2927 extemplo-neque
632 2833 712 2892 enim
726 2853 858 2911 responsa
872 2831 1012 2892 dabantur

174 2913 230 2972 fida
243 2913 437 2973 satis-sensit
451 2914 560 2973 medios
573 2915 727 2992 delapsua'
719 2935 750 2972 ιιι
764 2914 867 2974 hostes.

173 2993 323 3088 obstipuit,
336 3008 467 3089 retroque
481 2996 585 3073 pedem
600 3015 669 3055 cum
684 3014 754 3054 voce
768 2993 908 3072 repressit.

175 3074 352 3168 inprovisum
366 3077 454 3154 aspris
469 3076 558 3135 veluti
572 3096 621 3155 qur
613 3074 764 3135 sentibus
779 3095 901 3152 anguem

173 3155 275 3234 pressit
289 3155 372 3215 humi
386 3156 492 3229 nitens,
506 3157 690 3236 trepidusque
704 3173 823 3236 repente
836 3155 943 3232 refugit
1007 3171 1046 3223 380

175 3236 380 3296 attollentem'
372 3257 435 3309 rras,
450 3253 479 3297 et
493 3238 606 3297 caerula
619 3238 694 3296 colla
708 3253 870 3297 tumentem
884 3260 891 3296 :

175 3316 251 3376 haud
265 3337 346 3377 secus
360 3318 527 3396 Androgeos
542 3318 604 3378 visu
619 3319 803 3380 tremefactus
818 3319 921 3378 abibat.

497 3413 553 3475 '349
570 3413 677 3464 audendi.
