2558 4112
447 343 613 408 erumpes
631 343 693 392 nus.
710 345 722 392 1

144 473 268 534 ‘solvite
284 474 373 533 corde
387 486 506 543 metum,
523 472 645 544 Teucri,
659 473 798 532 secludite
814 494 904 535 curas.

171 577 214 615 res
228 555 299 614 dura
314 570 343 613 et
357 553 438 630 regni
454 553 563 612 novitas
577 574 624 611 me
640 555 707 613 talia
721 570 828 630 cogunt

170 636 266 696 moliri
282 651 310 694 et
325 635 382 693 late
397 635 467 693 fines
482 635 598 693 custode
614 635 697 694 tueri.

170 717 234 797 quis
248 736 339 792 genus
351 715 533 786 Aeneadum,
546 715 609 795 quis
625 716 731 774 Troiae
746 716 855 774 nesciat
870 717 980 790 urbem,

171 798 346 874 virtutesque
361 795 492 874 virosque
507 811 556 854 aut
571 796 643 855 tanti
658 796 793 856 incendia
806 796 899 856 belli?

172 898 232 937 non
246 877 369 936 obtunsa
384 877 454 936 adeo
468 893 608 952 gestamus
622 891 738 956 pectora
754 877 855 948 Poeni,

171 979 226 1036 nec
242 972 301 1017 tam
316 977 426 1016 aversus
442 977 528 1036 equos
544 958 636 1035 Tyria
652 958 722 1017 Sol'
715 958 808 1033 iungit
823 959 858 1017 ab
874 959 954 1018 urbe.

172 1060 221 1098 seu
236 1059 284 1096 vos
300 1038 471 1117 Hesperiam
485 1057 618 1114 magnam
634 1039 822 1118 Saturniaque
836 1060 902 1098 arva

172 1121 231 1179 sive
246 1119 346 1198 Erycis
361 1119 431 1178 fines
445 1139 600 1197 regemque
614 1119 717 1198 optatis
730 1120 868 1191 Acesten,
1004 1149 1043 1188 ⁵⁷0

172 1201 280 1260 auxilio
295 1215 370 1260 tutos
384 1200 527 1259 dimittam
544 1200 701 1279 opibusque
715 1200 829 1260 iuvabo.

173 1281 258 1351 vultis
274 1297 302 1340 et
316 1281 360 1338 his
374 1300 490 1340 mecum
506 1281 611 1359 pariter
625 1281 772 1340 considere
787 1281 902 1358 regnis?

173 1363 275 1421 urbem
290 1382 377 1440 quarn
392 1377 494 1433 statuo,
511 1361 603 1421 vestra
617 1377 659 1421 est
672 1387 681 1434 3
702 1362 853 1421 subducite
868 1381 975 1433 naves3

174 1444 249 1502 Tros
265 1443 429 1522 Tyriusque
444 1442 516 1500 mihi
533 1443 615 1502 nullo
629 1443 794 1502 discrimine
810 1458 917 1518 agetur.

26 1536 34 1568 θ
174 1540 202 1583 at
224 1545 260 1582 ue
275 1523 386 1582 utinam
400 1545 451 1582 rex
466 1523 526 1602 ipse
543 1524 625 1583 Noto
639 1524 803 1602 compulsus
819 1523 920 1582 eodem

174 1547 283 1664 adiuret
296 1605 408 1664 Aeneas
422 1604 428 1664 l
452 1605 589 1683 equidem
603 1626 654 1683 per
668 1605 753 1663 litora
767 1619 857 1663 certos
881 1659 884 1666 .

173 1685 316 1745 dimittam
331 1702 361 1744 et
374 1686 483 1762 Libyae
499 1686 619 1744 lustrare
634 1684 760 1744 extremi
774 1685 888 1754 iubebo,

173 1766 195 1824 si
210 1766 314 1845 quibus
329 1766 437 1825 eiectus
451 1766 527 1825 silvis
544 1782 593 1826 aut
608 1766 723 1825 urbibus
739 1765 829 1824 errat!

213 1847 258 1906 his
274 1847 403 1906 animum
418 1847 519 1907 arrecti
536 1847 620 1906 dictis
634 1862 663 1905 et
677 1846 757 1905 fortis
771 1847 898 1905 Achates

174 1943 204 1987 et
217 1943 297 2005 pater
311 1929 423 1986 Aeneas
439 1927 607 1986 iamdudum
622 1946 770 2006 erumpere
785 1927 893 1986 nubem
1005 1944 1044 1994 580

174 2008 320 2068 ardebant.
362 2009 439 2088 prior
454 2010 576 2067 Aenean
591 2008 748 2086 compellat
761 2009 906 2068 Achates:

154 2096 241 2148 ‘nate
255 2089 317 2161 dea,
333 2110 404 2169 quae
419 2109 498 2150 nunc
516 2089 612 2148 animo
626 2090 769 2149 sententia
783 2089 892 2166 surgit?

174 2171 272 2230 omnia
286 2186 348 2230 tuta
362 2171 448 2242 vides,
465 2171 584 2230 classem
599 2171 745 2248 sociosque
760 2186 899 2249 receptos.

176 2273 249 2311 unus
263 2251 350 2322 abest,
362 2252 461 2312 medio
476 2251 506 2310 in
522 2250 614 2310 fluctu
629 2270 715 2330 quem
730 2251 853 2311 vidimus
867 2251 920 2328 ipsi

175 2333 376 2404 submersum,
368 2358 375 2372 ·
397 2333 480 2392 dictis
497 2333 671 2410 respondent
685 2347 780 2391 cetera
794 2330 908 2390 matris?

175 2415 224 2472 vix
240 2433 273 2472 ea
287 2415 360 2472 fatus
375 2430 442 2486 erat,
458 2434 527 2473 curn
543 2413 716 2472 circumfusa
729 2427 847 2490 repente
929 2453 932 2460 ,

176 2494 282 2555 scindit
296 2515 324 2553 se
338 2495 429 2555 nubes
444 2511 473 2553 et
487 2495 518 2553 in
535 2495 648 2553 aethera
660 2509 762 2572 purgat
776 2508 915 2571 apertum.

175 2575 278 2634 restitit
291 2576 403 2634 Aeneas
419 2575 573 2655 claraque
565 2595 597 2634 ιιι
612 2576 677 2634 luce
691 2574 803 2634 refulsit

175 2678 206 2715 os
221 2676 390 2736 umerosque
404 2657 458 2715 deo
473 2656 595 2727 similis3
616 2676 750 2748 namque.
754 2656 813 2732 ipsa
827 2655 959 2713 decoram

177 2737 329 2797 caesariem
343 2754 410 2810 nato
424 2737 554 2812 genetrix
570 2701 750 2816 limenque
742 2751 874 2794 iuventae
1006 2761 1045 2802 590

177 2839 353 2897 purpureum
368 2835 397 2878 et
411 2819 499 2878 laetos
515 2818 606 2878 oculis
621 2817 735 2876 adflarat
748 2818 890 2875 honores:

177 2900 261 2979 quale
277 2919 378 2958 manus
392 2899 501 2958 addunt
516 2899 594 2958 ebori
610 2899 706 2968 decus,
722 2913 770 2956 aut
784 2897 833 2955 ubi
849 2895 922 2955 flavo

177 2995 328 3055 argentum
345 2981 475 3039 Pariusve
490 2981 559 3057 lapis
574 2979 769 3039 circumdatur
783 2997 860 3038 auro.

176 3076 241 3120 tum
255 3061 295 3120 sic
311 3061 438 3136 reginam
453 3061 615 3140 adloquitur
629 3060 800 3140 cunctisque
814 3074 931 3137 repente

177 3141 339 3219 inprovisus
354 3141 413 3203 ait·
437 3150 558 3213 ‘coram
574 3161 660 3221 quern
676 3141 820 3220 quaeritis,
834 3141 931 3200 adsum

177 3222 286 3282 Tro‘r'us
300 3225 422 3296 Aeneas,
437 3223 553 3300 Libycis
570 3239 682 3300 ereptus
697 3222 732 3281 ab
746 3221 839 3281 undis.

176 3324 197 3361 o
211 3304 269 3362 sola
284 3304 416 3363 infandos
431 3304 537 3363 Troiae
552 3304 682 3363 miserata
696 3303 815 3374 labores,

176 3403 252 3464 quae
266 3405 329 3457 nos,
343 3385 476 3464 reliquias
490 3385 633 3456 Danaum,
649 3400 795 3464 terraeque
811 3383 950 3460 marisque
