<?xml version="1.0" encoding="UTF-8"?>
<!DOCTYPE html PUBLIC "-//W3C//DTD XHTML 1.0 Transitional//EN"
    "http://www.w3.org/TR/xhtml1/DTD/xhtml1-transitional.dtd">
<html xmlns="http://www.w3.org/1999/xhtml" xml:lang="en" lang="en">
 <head>
  <title>
</title>
<meta http-equiv="Content-Type" content="text/html;charset=utf-8" />
  <meta name='ocr-system' content='tesseract 3.04.00' />
  <meta name='ocr-capabilities' content='ocr_page ocr_carea ocr_par ocr_line ocrx_word'/>
</head>
<body>
  <div class='ocr_page' id='page_1' title='image "./bucolicageorgic05virggoog/bucolicageorgic05virggoog_0397.png"; bbox 0 0 2562 4114; ppageno 0'>
   <div class='ocr_carea' id='block_1_1' title="bbox 236 359 865 430">
    <p class='ocr_par' dir='ltr' id='par_1_1' title="bbox 236 359 865 430">
     <span class='ocr_line' id='line_1_1' title="bbox 236 359 865 430; baseline -0.011 -16"><span class='ocrx_word' id='word_1_1' title='bbox 236 379 282 430; x_wconf 80' lang='lat'>372</span> <span class='ocrx_word' id='word_1_2' title='bbox 501 363 528 411; x_wconf 91' lang='lat' dir='ltr'>P.</span> <span class='ocrx_word' id='word_1_3' title='bbox 547 361 689 410; x_wconf 84' lang='lat' dir='ltr'>VERGILI</span> <span class='ocrx_word' id='word_1_4' title='bbox 709 359 865 408; x_wconf 85' lang='lat' dir='ltr'>MARONIS</span> 
     </span>
    </p>
   </div>
   <div class='ocr_carea' id='block_1_2' title="bbox 253 485 1257 3470">
    <p class='ocr_par' dir='ltr' id='par_1_2' title="bbox 255 485 1257 1220">
     <span class='ocr_line' id='line_1_2' title="bbox 255 485 1257 576; baseline -0.005 -21"><span class='ocrx_word' id='word_1_5' title='bbox 255 497 382 566; x_wconf 86' lang='lat' dir='ltr'>‘Faune,</span> <span class='ocrx_word' id='word_1_6' title='bbox 391 492 665 576; x_wconf 87' lang='lat' dir='ltr'>precor‚m1serere,</span> <span class='ocrx_word' id='word_1_7' title='bbox 675 485 779 570; x_wconf 86' lang='lat' dir='ltr'>inquit,</span> <span class='ocrx_word' id='word_1_8' title='bbox 789 497 898 569; x_wconf 88' lang='lat' dir='ltr'>tuque</span> <span class='ocrx_word' id='word_1_9' title='bbox 908 505 1020 567; x_wconf 85' lang='lat' dir='ltr'>optima</span> <span class='ocrx_word' id='word_1_10' title='bbox 1031 490 1148 548; x_wconf 87' lang='lat' dir='ltr'>ferrum</span> <span class='ocrx_word' id='word_1_11' title='bbox 1256 547 1257 550; x_wconf 74' lang='grc'>,</span> 
     </span>
     <span class='ocr_line' id='line_1_3' title="bbox 274 572 961 649; baseline -0.01 -14"><span class='ocrx_word' id='word_1_12' title='bbox 274 592 347 635; x_wconf 91' lang='lat' dir='ltr'>terra</span> <span class='ocrx_word' id='word_1_13' title='bbox 363 590 440 645; x_wconf 91' lang='lat' dir='ltr'>tene,</span> <span class='ocrx_word' id='word_1_14' title='bbox 456 575 533 634; x_wconf 94' lang='lat' dir='ltr'>colui</span> <span class='ocrx_word' id='word_1_15' title='bbox 549 591 655 632; x_wconf 91' lang='lat' dir='ltr'>vestros</span> <span class='ocrx_word' id='word_1_16' title='bbox 669 573 691 630; x_wconf 91' lang='lat' dir='ltr'>si</span> <span class='ocrx_word' id='word_1_17' title='bbox 707 592 817 649; x_wconf 84' lang='lat' dir='ltr'>semper</span> <span class='ocrx_word' id='word_1_18' title='bbox 830 572 961 643; x_wconf 85' lang='lat' dir='ltr'>honores,</span> 
     </span>
     <span class='ocr_line' id='line_1_4' title="bbox 274 649 1257 754; baseline -0.008 -39"><span class='ocrx_word' id='word_1_19' title='bbox 274 679 345 735; x_wconf 91' lang='lat' dir='ltr'>quos</span> <span class='ocrx_word' id='word_1_20' title='bbox 359 673 460 714; x_wconf 84' lang='lat' dir='ltr'>eontra</span> <span class='ocrx_word' id='word_1_21' title='bbox 473 655 625 714; x_wconf 83' lang='lat' dir='ltr'>Aeneadae</span> <span class='ocrx_word' id='word_1_22' title='bbox 640 655 718 713; x_wconf 92' lang='lat' dir='ltr'>bello</span> <span class='ocrx_word' id='word_1_23' title='bbox 732 655 826 712; x_wconf 88' lang='lat' dir='ltr'>fecere</span> <span class='ocrx_word' id='word_1_24' title='bbox 840 649 993 730; x_wconf 67' lang='lat' dir='ltr'>profanos?</span> <span class='ocrx_word' id='word_1_25' title='bbox 1256 701 1257 754; x_wconf 38' lang='lat' dir='ltr'>q</span> 
     </span>
     <span class='ocr_line' id='line_1_5' title="bbox 273 733 1148 815; baseline -0.006 -21"><span class='ocrx_word' id='word_1_26' title='bbox 273 738 359 808; x_wconf 82' lang='lat' dir='ltr'>dixit,</span> <span class='ocrx_word' id='word_1_27' title='bbox 373 758 517 815; x_wconf 85' lang='lat' dir='ltr'>opemque</span> <span class='ocrx_word' id='word_1_28' title='bbox 532 736 578 794; x_wconf 91' lang='lat' dir='ltr'>dei</span> <span class='ocrx_word' id='word_1_29' title='bbox 594 756 653 794; x_wconf 92' lang='lat' dir='ltr'>non</span> <span class='ocrx_word' id='word_1_30' title='bbox 667 756 744 794; x_wconf 87' lang='lat' dir='ltr'>cassa</span> <span class='ocrx_word' id='word_1_31' title='bbox 758 734 789 792; x_wconf 90' lang='lat' dir='ltr'>in</span> <span class='ocrx_word' id='word_1_32' title='bbox 803 749 869 791; x_wconf 91' lang='lat' dir='ltr'>vota</span> <span class='ocrx_word' id='word_1_33' title='bbox 882 733 1006 791; x_wconf 82' lang='lat' dir='ltr'>vocavit.</span> <span class='ocrx_word' id='word_1_34' title='bbox 1108 751 1148 801; x_wconf 81' lang='lat'>780</span> 
     </span>
     <span class='ocr_line' id='line_1_6' title="bbox 274 814 1033 896; baseline -0.008 -19"><span class='ocrx_word' id='word_1_35' title='bbox 274 838 399 896; x_wconf 84' lang='lat' dir='ltr'>namque</span> <span class='ocrx_word' id='word_1_36' title='bbox 414 818 462 876; x_wconf 93' lang='lat' dir='ltr'>diu</span> <span class='ocrx_word' id='word_1_37' title='bbox 478 818 590 876; x_wconf 90' lang='lat' dir='ltr'>luctans</span> <span class='ocrx_word' id='word_1_38' title='bbox 606 815 764 893; x_wconf 87' lang='lat' dir='ltr'>lentoque</span> <span class='ocrx_word' id='word_1_39' title='bbox 756 835 787 873; x_wconf 88' lang='lat' dir='ltr'>rn</span> <span class='ocrx_word' id='word_1_40' title='bbox 802 814 890 891; x_wconf 84' lang='lat' dir='ltr'>stirpe</span> <span class='ocrx_word' id='word_1_41' title='bbox 905 829 1033 872; x_wconf 88' lang='lat' dir='ltr'>moratus</span> 
     </span>
     <span class='ocr_line' id='line_1_7' title="bbox 273 895 957 958; baseline -0.009 -1"><span class='ocrx_word' id='word_1_42' title='bbox 273 900 380 958; x_wconf 88' lang='lat' dir='ltr'>viribus</span> <span class='ocrx_word' id='word_1_43' title='bbox 394 899 473 957; x_wconf 93' lang='lat' dir='ltr'>haud</span> <span class='ocrx_word' id='word_1_44' title='bbox 487 899 553 956; x_wconf 89' lang='lat' dir='ltr'>ullis</span> <span class='ocrx_word' id='word_1_45' title='bbox 569 897 659 955; x_wconf 85' lang='lat' dir='ltr'>valuit</span> <span class='ocrx_word' id='word_1_46' title='bbox 673 895 833 955; x_wconf 88' lang='lat' dir='ltr'>discludere</span> <span class='ocrx_word' id='word_1_47' title='bbox 847 915 957 952; x_wconf 90' lang='lat' dir='ltr'>morsus</span> 
     </span>
     <span class='ocr_line' id='line_1_8' title="bbox 274 976 983 1045; baseline -0.008 -7"><span class='ocrx_word' id='word_1_48' title='bbox 274 979 382 1038; x_wconf 89' lang='lat' dir='ltr'>roboris</span> <span class='ocrx_word' id='word_1_49' title='bbox 397 981 518 1037; x_wconf 86' lang='lat' dir='ltr'>Aeneas.</span> <span class='ocrx_word' id='word_1_50' title='bbox 560 979 631 1036; x_wconf 91' lang='lat' dir='ltr'>dum</span> <span class='ocrx_word' id='word_1_51' title='bbox 647 977 751 1035; x_wconf 86' lang='lat' dir='ltr'>nititur</span> <span class='ocrx_word' id='word_1_52' title='bbox 765 996 829 1034; x_wconf 89' lang='lat' dir='ltr'>acer</span> <span class='ocrx_word' id='word_1_53' title='bbox 843 991 872 1033; x_wconf 90' lang='lat' dir='ltr'>et</span> <span class='ocrx_word' id='word_1_54' title='bbox 886 976 983 1045; x_wconf 83' lang='lat' dir='ltr'>instat,</span> 
     </span>
     <span class='ocr_line' id='line_1_9' title="bbox 273 1056 921 1136; baseline -0.009 -18"><span class='ocrx_word' id='word_1_55' title='bbox 273 1081 368 1118; x_wconf 88' lang='lat' dir='ltr'>rursus</span> <span class='ocrx_word' id='word_1_56' title='bbox 384 1060 414 1118; x_wconf 92' lang='lat' dir='ltr'>in</span> <span class='ocrx_word' id='word_1_57' title='bbox 430 1060 543 1136; x_wconf 84' lang='lat' dir='ltr'>aurigae</span> <span class='ocrx_word' id='word_1_58' title='bbox 559 1058 664 1117; x_wconf 85' lang='lat' dir='ltr'>faciem</span> <span class='ocrx_word' id='word_1_59' title='bbox 678 1072 788 1116; x_wconf 89' lang='lat' dir='ltr'>mutata</span> <span class='ocrx_word' id='word_1_60' title='bbox 804 1056 921 1114; x_wconf 85' lang='lat' dir='ltr'>Metisci</span> 
     </span>
     <span class='ocr_line' id='line_1_10' title="bbox 273 1135 996 1220; baseline -0.006 -22"><span class='ocrx_word' id='word_1_61' title='bbox 273 1141 418 1220; x_wconf 85' lang='lat' dir='ltr'>procurrit</span> <span class='ocrx_word' id='word_1_62' title='bbox 432 1141 571 1218; x_wconf 85' lang='lat' dir='ltr'>fratrique</span> <span class='ocrx_word' id='word_1_63' title='bbox 586 1159 683 1197; x_wconf 89' lang='lat' dir='ltr'>ensem</span> <span class='ocrx_word' id='word_1_64' title='bbox 698 1138 750 1195; x_wconf 91' lang='lat' dir='ltr'>dea</span> <span class='ocrx_word' id='word_1_65' title='bbox 764 1137 879 1195; x_wconf 90' lang='lat' dir='ltr'>Daunia</span> <span class='ocrx_word' id='word_1_66' title='bbox 891 1135 996 1195; x_wconf 89' lang='lat' dir='ltr'>reddit.</span> 
     </span>
    </p>

    <p class='ocr_par' dir='ltr' id='par_1_3' title="bbox 272 1217 1145 2970">
     <span class='ocr_line' id='line_1_11' title="bbox 274 1217 1019 1300; baseline -0.01 -19.797"><span class='ocrx_word' id='word_1_67' title='bbox 274 1222 352 1300; x_wconf 93' lang='lat' dir='ltr'>quod</span> <span class='ocrx_word' id='word_1_68' title='bbox 366 1223 468 1280; x_wconf 90' lang='lat' dir='ltr'>Venus</span> <span class='ocrx_word' id='word_1_69' title='bbox 483 1221 583 1279; x_wconf 85' lang='lat' dir='ltr'>audaci</span> <span class='ocrx_word' id='word_1_70' title='bbox 598 1221 752 1297; x_wconf 87' lang='lat' dir='ltr'>Nymphae</span> <span class='ocrx_word' id='word_1_71' title='bbox 767 1218 913 1292; x_wconf 88' lang='lat' dir='ltr'>indignata</span> <span class='ocrx_word' id='word_1_72' title='bbox 928 1217 1019 1275; x_wconf 89' lang='lat' dir='ltr'>licere</span> 
     </span>
     <span class='ocr_line' id='line_1_12' title="bbox 274 1297 934 1379; baseline -0.011 -18"><span class='ocrx_word' id='word_1_73' title='bbox 274 1303 402 1371; x_wconf 87' lang='lat' dir='ltr'>accessit,</span> <span class='ocrx_word' id='word_1_74' title='bbox 418 1303 568 1379; x_wconf 89' lang='lat' dir='ltr'>telumque</span> <span class='ocrx_word' id='word_1_75' title='bbox 583 1301 640 1358; x_wconf 88' lang='lat' dir='ltr'>alta</span> <span class='ocrx_word' id='word_1_76' title='bbox 655 1301 690 1358; x_wconf 94' lang='lat' dir='ltr'>ab</span> <span class='ocrx_word' id='word_1_77' title='bbox 703 1299 799 1357; x_wconf 87' lang='lat' dir='ltr'>radice</span> <span class='ocrx_word' id='word_1_78' title='bbox 813 1297 934 1356; x_wconf 88' lang='lat' dir='ltr'>revellit.</span> 
     </span>
     <span class='ocr_line' id='line_1_13' title="bbox 273 1379 886 1458; baseline -0.008 -17"><span class='ocrx_word' id='word_1_79' title='bbox 273 1384 325 1441; x_wconf 91' lang='lat' dir='ltr'>olli</span> <span class='ocrx_word' id='word_1_80' title='bbox 340 1383 487 1453; x_wconf 89' lang='lat' dir='ltr'>sublimes,</span> <span class='ocrx_word' id='word_1_81' title='bbox 502 1383 586 1440; x_wconf 89' lang='lat' dir='ltr'>armis</span> <span class='ocrx_word' id='word_1_82' title='bbox 601 1381 760 1458; x_wconf 89' lang='lat' dir='ltr'>animisque</span> <span class='ocrx_word' id='word_1_83' title='bbox 774 1379 886 1450; x_wconf 87' lang='lat' dir='ltr'>refecti,</span> 
     </span>
     <span class='ocr_line' id='line_1_14' title="bbox 273 1460 1025 1539; baseline -0.007 -18"><span class='ocrx_word' id='word_1_84' title='bbox 273 1464 322 1521; x_wconf 90' lang='lat' dir='ltr'>hic</span> <span class='ocrx_word' id='word_1_85' title='bbox 336 1463 431 1539; x_wconf 88' lang='lat' dir='ltr'>gladio</span> <span class='ocrx_word' id='word_1_86' title='bbox 446 1463 546 1534; x_wconf 85' lang='lat' dir='ltr'>fidens,</span> <span class='ocrx_word' id='word_1_87' title='bbox 560 1463 608 1520; x_wconf 92' lang='lat' dir='ltr'>hic</span> <span class='ocrx_word' id='word_1_88' title='bbox 624 1482 692 1520; x_wconf 90' lang='lat' dir='ltr'>acer</span> <span class='ocrx_word' id='word_1_89' title='bbox 707 1477 735 1519; x_wconf 92' lang='lat' dir='ltr'>et</span> <span class='ocrx_word' id='word_1_90' title='bbox 750 1460 852 1518; x_wconf 90' lang='lat' dir='ltr'>arduus</span> <span class='ocrx_word' id='word_1_91' title='bbox 866 1461 954 1529; x_wconf 84' lang='lat' dir='ltr'>hasta,</span> <span class='ocrx_word' id='word_1_92' title='bbox 1023 1477 1025 1482; x_wconf 88' lang='lat'>·</span> 
     </span>
     <span class='ocr_line' id='line_1_15' title="bbox 274 1541 1145 1608; baseline -0.007 -6"><span class='ocrx_word' id='word_1_93' title='bbox 274 1543 414 1602; x_wconf 90' lang='lat' dir='ltr'>adsistunt</span> <span class='ocrx_word' id='word_1_94' title='bbox 428 1559 528 1600; x_wconf 86' lang='lat' dir='ltr'>contra</span> <span class='ocrx_word' id='word_1_95' title='bbox 544 1543 702 1600; x_wconf 91' lang='lat' dir='ltr'>certamine</span> <span class='ocrx_word' id='word_1_96' title='bbox 718 1541 821 1599; x_wconf 90' lang='lat' dir='ltr'>Martis</span> <span class='ocrx_word' id='word_1_97' title='bbox 836 1541 940 1598; x_wconf 84' lang='lat' dir='ltr'>anheli.</span> <span class='ocrx_word' id='word_1_98' title='bbox 1107 1569 1145 1608; x_wconf 80' lang='lat'>790</span> 
     </span>
     <span class='ocr_line' id='line_1_16' title="bbox 314 1620 1004 1698; baseline -0.006 -17"><span class='ocrx_word' id='word_1_99' title='bbox 314 1623 481 1681; x_wconf 89' lang='lat' dir='ltr'>Iunonem</span> <span class='ocrx_word' id='word_1_100' title='bbox 473 1638 582 1680; x_wconf 83' lang='lat' dir='ltr'>interea</span> <span class='ocrx_word' id='word_1_101' title='bbox 596 1643 646 1680; x_wconf 86' lang='lat' dir='ltr'>rex</span> <span class='ocrx_word' id='word_1_102' title='bbox 660 1621 867 1698; x_wconf 91' lang='lat' dir='ltr'>omnipotentis</span> <span class='ocrx_word' id='word_1_103' title='bbox 883 1620 1004 1698; x_wconf 89' lang='lat' dir='ltr'>Olympi</span> 
     </span>
     <span class='ocr_line' id='line_1_17' title="bbox 274 1702 975 1783; baseline -0.006 -21"><span class='ocrx_word' id='word_1_104' title='bbox 274 1703 449 1783; x_wconf 84' lang='lat' dir='ltr'>adloquitur,</span> <span class='ocrx_word' id='word_1_105' title='bbox 465 1703 545 1760; x_wconf 87' lang='lat' dir='ltr'>fulva</span> <span class='ocrx_word' id='word_1_106' title='bbox 559 1723 668 1780; x_wconf 83' lang='lat' dir='ltr'>pugnas</span> <span class='ocrx_word' id='word_1_107' title='bbox 682 1702 718 1759; x_wconf 93' lang='lat' dir='ltr'>de</span> <span class='ocrx_word' id='word_1_108' title='bbox 733 1702 810 1760; x_wconf 92' lang='lat' dir='ltr'>nube</span> <span class='ocrx_word' id='word_1_109' title='bbox 825 1717 975 1760; x_wconf 87' lang='lat' dir='ltr'>tuentem:</span> 
     </span>
     <span class='ocr_line' id='line_1_18' title="bbox 253 1782 1103 1863; baseline -0.004 -19.924"><span class='ocrx_word' id='word_1_110' title='bbox 253 1792 347 1863; x_wconf 84' lang='lat' dir='ltr'>‘quae</span> <span class='ocrx_word' id='word_1_111' title='bbox 361 1785 419 1842; x_wconf 88' lang='lat' dir='ltr'>iarn</span> <span class='ocrx_word' id='word_1_112' title='bbox 435 1783 499 1841; x_wconf 85' lang='lat' dir='ltr'>finis</span> <span class='ocrx_word' id='word_1_113' title='bbox 514 1783 577 1855; x_wconf 88' lang='lat' dir='ltr'>erit,</span> <span class='ocrx_word' id='word_1_114' title='bbox 593 1783 745 1841; x_wconf 80' lang='lat' dir='ltr'>coniunx?</span> <span class='ocrx_word' id='word_1_115' title='bbox 766 1783 836 1860; x_wconf 93' lang='lat' dir='ltr'>quid</span> <span class='ocrx_word' id='word_1_116' title='bbox 850 1782 975 1859; x_wconf 91' lang='lat' dir='ltr'>denique</span> <span class='ocrx_word' id='word_1_117' title='bbox 990 1785 1103 1840; x_wconf 89' lang='lat' dir='ltr'>restat?</span> 
     </span>
     <span class='ocr_line' id='line_1_19' title="bbox 274 1862 975 1941; baseline -0.007 -17"><span class='ocrx_word' id='word_1_118' title='bbox 274 1867 431 1941; x_wconf 88' lang='lat' dir='ltr'>indigetem</span> <span class='ocrx_word' id='word_1_119' title='bbox 445 1866 567 1924; x_wconf 89' lang='lat' dir='ltr'>Aenean</span> <span class='ocrx_word' id='word_1_120' title='bbox 583 1864 637 1922; x_wconf 87' lang='lat' dir='ltr'>scis</span> <span class='ocrx_word' id='word_1_121' title='bbox 651 1864 722 1940; x_wconf 88' lang='lat' dir='ltr'>ipsa,</span> <span class='ocrx_word' id='word_1_122' title='bbox 737 1879 767 1921; x_wconf 93' lang='lat' dir='ltr'>et</span> <span class='ocrx_word' id='word_1_123' title='bbox 781 1864 854 1921; x_wconf 88' lang='lat' dir='ltr'>scire</span> <span class='ocrx_word' id='word_1_124' title='bbox 870 1862 975 1933; x_wconf 90' lang='lat' dir='ltr'>fateris,</span> 
     </span>
     <span class='ocr_line' id='line_1_20' title="bbox 273 1943 861 2024; baseline -0.007 -20"><span class='ocrx_word' id='word_1_125' title='bbox 273 1947 372 2004; x_wconf 90' lang='lat' dir='ltr'>deberi</span> <span class='ocrx_word' id='word_1_126' title='bbox 388 1947 477 2016; x_wconf 91' lang='lat' dir='ltr'>caelo,</span> <span class='ocrx_word' id='word_1_127' title='bbox 494 1945 616 2024; x_wconf 84' lang='lat' dir='ltr'>fatisque</span> <span class='ocrx_word' id='word_1_128' title='bbox 632 1944 668 2002; x_wconf 84' lang='lat' dir='ltr'>ad</span> <span class='ocrx_word' id='word_1_129' title='bbox 681 1945 773 2002; x_wconf 86' lang='lat' dir='ltr'>sidera</span> <span class='ocrx_word' id='word_1_130' title='bbox 788 1943 861 2002; x_wconf 93' lang='lat' dir='ltr'>tolli.</span> 
     </span>
     <span class='ocr_line' id='line_1_21' title="bbox 274 2023 1112 2105; baseline -0.005 -20"><span class='ocrx_word' id='word_1_131' title='bbox 274 2027 344 2105; x_wconf 89' lang='lat' dir='ltr'>quid</span> <span class='ocrx_word' id='word_1_132' title='bbox 359 2027 467 2085; x_wconf 85' lang='lat' dir='ltr'>struis?</span> <span class='ocrx_word' id='word_1_133' title='bbox 488 2042 536 2084; x_wconf 92' lang='lat' dir='ltr'>aut</span> <span class='ocrx_word' id='word_1_134' title='bbox 552 2047 608 2105; x_wconf 92' lang='lat' dir='ltr'>qua</span> <span class='ocrx_word' id='word_1_135' title='bbox 622 2046 671 2102; x_wconf 83' lang='lat' dir='ltr'>spe</span> <span class='ocrx_word' id='word_1_136' title='bbox 685 2024 809 2101; x_wconf 85' lang='lat' dir='ltr'>gelidis</span> <span class='ocrx_word' id='word_1_137' title='bbox 801 2044 832 2082; x_wconf 81' lang='lat' dir='ltr'>in</span> <span class='ocrx_word' id='word_1_138' title='bbox 848 2023 972 2082; x_wconf 92' lang='lat' dir='ltr'>nubibus</span> <span class='ocrx_word' id='word_1_139' title='bbox 987 2025 1108 2081; x_wconf 89' lang='lat' dir='ltr'>haeres.</span> <span class='ocrx_word' id='word_1_140' title='bbox 1103 2027 1112 2068; x_wconf 97' lang='grc' dir='ltr'><strong><em>Ρ</em></strong></span> 
     </span>
     <span class='ocr_line' id='line_1_22' title="bbox 273 2104 914 2165; baseline -0.005 0"><span class='ocrx_word' id='word_1_141' title='bbox 273 2104 416 2165; x_wconf 85' lang='lat' dir='ltr'>mortalin&#39;</span> <span class='ocrx_word' id='word_1_142' title='bbox 431 2106 532 2165; x_wconf 89' lang='lat' dir='ltr'>decuit</span> <span class='ocrx_word' id='word_1_143' title='bbox 545 2106 644 2164; x_wconf 86' lang='lat' dir='ltr'>violari</span> <span class='ocrx_word' id='word_1_144' title='bbox 660 2106 779 2164; x_wconf 90' lang='lat' dir='ltr'>vulnere</span> <span class='ocrx_word' id='word_1_145' title='bbox 794 2104 914 2163; x_wconf 82' lang='lat' dir='ltr'>divum?</span> 
     </span>
     <span class='ocr_line' id='line_1_23' title="bbox 274 2185 1084 2266; baseline -0.004 -21"><span class='ocrx_word' id='word_1_146' title='bbox 274 2203 322 2246; x_wconf 83' lang='lat' dir='ltr'>aut</span> <span class='ocrx_word' id='word_1_147' title='bbox 337 2187 549 2266; x_wconf 86' lang='lat' dir='ltr'>ensem—quid</span> <span class='ocrx_word' id='word_1_148' title='bbox 564 2187 642 2244; x_wconf 89' lang='lat' dir='ltr'>enim</span> <span class='ocrx_word' id='word_1_149' title='bbox 657 2186 719 2244; x_wconf 90' lang='lat' dir='ltr'>sine</span> <span class='ocrx_word' id='word_1_150' title='bbox 735 2202 763 2245; x_wconf 88' lang='lat' dir='ltr'>te</span> <span class='ocrx_word' id='word_1_151' title='bbox 777 2187 899 2244; x_wconf 92' lang='lat' dir='ltr'>Iuturna</span> <span class='ocrx_word' id='word_1_152' title='bbox 911 2185 1020 2243; x_wconf 88' lang='lat' dir='ltr'>valeret</span> <span class='ocrx_word' id='word_1_153' title='bbox 1029 2189 1084 2242; x_wconf 84' lang='grc' dir='ltr'>,Ρ-</span> 
     </span>
     <span class='ocr_line' id='line_1_24' title="bbox 274 2266 1002 2344; baseline -0.003 -19"><span class='ocrx_word' id='word_1_154' title='bbox 274 2283 404 2344; x_wconf 89' lang='lat' dir='ltr'>ereptum</span> <span class='ocrx_word' id='word_1_155' title='bbox 419 2267 500 2326; x_wconf 91' lang='lat' dir='ltr'>reddi</span> <span class='ocrx_word' id='word_1_156' title='bbox 517 2269 622 2326; x_wconf 93' lang='lat' dir='ltr'>Turno</span> <span class='ocrx_word' id='word_1_157' title='bbox 637 2284 666 2326; x_wconf 90' lang='lat' dir='ltr'>et</span> <span class='ocrx_word' id='word_1_158' title='bbox 680 2266 740 2325; x_wconf 83' lang='lat' dir='ltr'>vim</span> <span class='ocrx_word' id='word_1_159' title='bbox 756 2286 881 2324; x_wconf 89' lang='lat' dir='ltr'>crescere</span> <span class='ocrx_word' id='word_1_160' title='bbox 896 2266 1002 2324; x_wconf 82' lang='lat' dir='ltr'>victis?</span> 
     </span>
     <span class='ocr_line' id='line_1_25' title="bbox 274 2345 1144 2424; baseline -0.002 -18"><span class='ocrx_word' id='word_1_161' title='bbox 274 2348 371 2406; x_wconf 90' lang='lat' dir='ltr'>desine</span> <span class='ocrx_word' id='word_1_162' title='bbox 387 2348 445 2406; x_wconf 90' lang='lat' dir='ltr'>iam</span> <span class='ocrx_word' id='word_1_163' title='bbox 456 2348 584 2418; x_wconf 91' lang='lat' dir='ltr'>tandem,</span> <span class='ocrx_word' id='word_1_164' title='bbox 595 2347 786 2424; x_wconf 88' lang='lat' dir='ltr'>precibusque</span> <span class='ocrx_word' id='word_1_165' title='bbox 797 2346 946 2405; x_wconf 87' lang='lat' dir='ltr'>inflectere</span> <span class='ocrx_word' id='word_1_166' title='bbox 958 2345 1060 2404; x_wconf 88' lang='lat' dir='ltr'>nostris</span> <span class='ocrx_word' id='word_1_167' title='bbox 1075 2371 1083 2416; x_wconf 93' lang='lat'>;</span> <span class='ocrx_word' id='word_1_168' title='bbox 1105 2363 1144 2404; x_wconf 80' lang='lat'>800</span> 
     </span>
     <span class='ocr_line' id='line_1_26' title="bbox 273 2427 1008 2497; baseline -0.003 -11"><span class='ocrx_word' id='word_1_169' title='bbox 273 2449 310 2486; x_wconf 89' lang='lat' dir='ltr'>ne</span> <span class='ocrx_word' id='word_1_170' title='bbox 325 2444 353 2486; x_wconf 87' lang='lat' dir='ltr'>te</span> <span class='ocrx_word' id='word_1_171' title='bbox 369 2444 465 2488; x_wconf 86' lang='lat' dir='ltr'>tantus</span> <span class='ocrx_word' id='word_1_172' title='bbox 481 2429 541 2486; x_wconf 91' lang='lat' dir='ltr'>edit</span> <span class='ocrx_word' id='word_1_173' title='bbox 557 2428 673 2486; x_wconf 87' lang='lat' dir='ltr'>tacitam</span> <span class='ocrx_word' id='word_1_174' title='bbox 689 2427 779 2497; x_wconf 92' lang='lat' dir='ltr'>dolor,</span> <span class='ocrx_word' id='word_1_175' title='bbox 793 2442 822 2485; x_wconf 92' lang='lat' dir='ltr'>et</span> <span class='ocrx_word' id='word_1_176' title='bbox 836 2427 907 2485; x_wconf 92' lang='lat' dir='ltr'>mihi</span> <span class='ocrx_word' id='word_1_177' title='bbox 922 2447 1008 2485; x_wconf 88' lang='lat' dir='ltr'>curae</span> 
     </span>
     <span class='ocr_line' id='line_1_27' title="bbox 273 2509 914 2586; baseline 0.002 -20"><span class='ocrx_word' id='word_1_178' title='bbox 273 2529 357 2586; x_wconf 87' lang='lat' dir='ltr'>saepe</span> <span class='ocrx_word' id='word_1_179' title='bbox 372 2524 423 2566; x_wconf 89' lang='lat' dir='ltr'>tuo</span> <span class='ocrx_word' id='word_1_180' title='bbox 437 2509 516 2566; x_wconf 89' lang='lat' dir='ltr'>dulci</span> <span class='ocrx_word' id='word_1_181' title='bbox 533 2509 626 2567; x_wconf 88' lang='lat' dir='ltr'>tristes</span> <span class='ocrx_word' id='word_1_182' title='bbox 642 2528 677 2566; x_wconf 85' lang='lat' dir='ltr'>er</span> <span class='ocrx_word' id='word_1_183' title='bbox 692 2528 740 2565; x_wconf 94' lang='lat' dir='ltr'>ore</span> <span class='ocrx_word' id='word_1_184' title='bbox 754 2523 914 2568; x_wconf 76' lang='lat' dir='ltr'>recurrent.</span> 
     </span>
     <span class='ocr_line' id='line_1_28' title="bbox 272 2587 1102 2666; baseline -0.001 -19"><span class='ocrx_word' id='word_1_185' title='bbox 272 2605 394 2647; x_wconf 89' lang='lat' dir='ltr'>ventum</span> <span class='ocrx_word' id='word_1_186' title='bbox 410 2590 444 2647; x_wconf 90' lang='lat' dir='ltr'>ad</span> <span class='ocrx_word' id='word_1_187' title='bbox 460 2609 626 2666; x_wconf 84' lang='lat' dir='ltr'>supremum</span> <span class='ocrx_word' id='word_1_188' title='bbox 642 2603 694 2647; x_wconf 88' lang='lat' dir='ltr'>est.</span> <span class='ocrx_word' id='word_1_189' title='bbox 737 2589 817 2646; x_wconf 88' lang='lat' dir='ltr'>terris</span> <span class='ocrx_word' id='word_1_190' title='bbox 832 2589 938 2664; x_wconf 90' lang='lat' dir='ltr'>agitare</span> <span class='ocrx_word' id='word_1_191' title='bbox 953 2589 998 2646; x_wconf 91' lang='lat' dir='ltr'>vel</span> <span class='ocrx_word' id='word_1_192' title='bbox 1015 2587 1102 2646; x_wconf 85' lang='lat' dir='ltr'>undis</span> 
     </span>
     <span class='ocr_line' id='line_1_29' title="bbox 273 2669 1034 2746; baseline 0 -19"><span class='ocrx_word' id='word_1_193' title='bbox 273 2670 414 2728; x_wconf 91' lang='lat' dir='ltr'>Troianos</span> <span class='ocrx_word' id='word_1_194' title='bbox 429 2669 558 2746; x_wconf 84' lang='lat' dir='ltr'>potuisti,</span> <span class='ocrx_word' id='word_1_195' title='bbox 574 2669 727 2727; x_wconf 89' lang='lat' dir='ltr'>infandum</span> <span class='ocrx_word' id='word_1_196' title='bbox 742 2670 900 2728; x_wconf 77' lang='lat' dir='ltr'>accendere</span> <span class='ocrx_word' id='word_1_197' title='bbox 915 2669 1034 2739; x_wconf 87' lang='lat' dir='ltr'>bellum,</span> 
     </span>
     <span class='ocr_line' id='line_1_30' title="bbox 272 2749 1059 2826; baseline -0.003 -18"><span class='ocrx_word' id='word_1_198' title='bbox 272 2751 431 2809; x_wconf 86' lang='lat' dir='ltr'>deformare</span> <span class='ocrx_word' id='word_1_199' title='bbox 446 2751 573 2819; x_wconf 88' lang='lat' dir='ltr'>domum,</span> <span class='ocrx_word' id='word_1_200' title='bbox 589 2765 618 2807; x_wconf 88' lang='lat' dir='ltr'>et</span> <span class='ocrx_word' id='word_1_201' title='bbox 633 2749 714 2808; x_wconf 88' lang='lat' dir='ltr'>luctu</span> <span class='ocrx_word' id='word_1_202' title='bbox 730 2750 851 2808; x_wconf 88' lang='lat' dir='ltr'>miscere</span> <span class='ocrx_word' id='word_1_203' title='bbox 865 2752 1059 2826; x_wconf 88' lang='lat' dir='ltr'>hymenaeos:</span> 
     </span>
     <span class='ocr_line' id='line_1_31' title="bbox 273 2828 998 2908; baseline -0.003 -19"><span class='ocrx_word' id='word_1_204' title='bbox 273 2831 395 2890; x_wconf 88' lang='lat' dir='ltr'>ulterius</span> <span class='ocrx_word' id='word_1_205' title='bbox 410 2846 553 2908; x_wconf 91' lang='lat' dir='ltr'>temptare</span> <span class='ocrx_word' id='word_1_206' title='bbox 568 2828 654 2889; x_wconf 68' lang='lat' dir='ltr'>veto!</span> <span class='ocrx_word' id='word_1_207' title='bbox 696 2830 735 2889; x_wconf 87' lang='lat' dir='ltr'>sic</span> <span class='ocrx_word' id='word_1_208' title='bbox 751 2831 884 2908; x_wconf 89' lang='lat' dir='ltr'>Iuppiter</span> <span class='ocrx_word' id='word_1_209' title='bbox 897 2851 975 2888; x_wconf 94' lang='lat' dir='ltr'>orsus</span> <span class='ocrx_word' id='word_1_210' title='bbox 988 2855 998 2900; x_wconf 87' lang='lat'>;</span> 
     </span>
     <span class='ocr_line' id='line_1_32' title="bbox 274 2911 921 2970; baseline 0.003 -2"><span class='ocrx_word' id='word_1_211' title='bbox 274 2911 314 2970; x_wconf 93' lang='lat' dir='ltr'>sic</span> <span class='ocrx_word' id='word_1_212' title='bbox 329 2912 383 2969; x_wconf 91' lang='lat' dir='ltr'>dea</span> <span class='ocrx_word' id='word_1_213' title='bbox 398 2911 538 2970; x_wconf 88' lang='lat' dir='ltr'>submisso</span> <span class='ocrx_word' id='word_1_214' title='bbox 553 2925 653 2968; x_wconf 85' lang='lat' dir='ltr'>contra</span> <span class='ocrx_word' id='word_1_215' title='bbox 669 2911 803 2969; x_wconf 86' lang='lat' dir='ltr'>Saturnia</span> <span class='ocrx_word' id='word_1_216' title='bbox 817 2912 921 2970; x_wconf 88' lang='lat' dir='ltr'>vultu:</span> 
     </span>
    </p>

    <p class='ocr_par' dir='ltr' id='par_1_4' title="bbox 253 2991 1146 3470">
     <span class='ocr_line' id='line_1_33' title="bbox 253 2991 1080 3070; baseline 0 -22"><span class='ocrx_word' id='word_1_217' title='bbox 253 2992 326 3049; x_wconf 86' lang='lat' dir='ltr'>‘ista</span> <span class='ocrx_word' id='word_1_218' title='bbox 342 2992 462 3070; x_wconf 89' lang='lat' dir='ltr'>quidem</span> <span class='ocrx_word' id='word_1_219' title='bbox 477 2992 544 3069; x_wconf 89' lang='lat' dir='ltr'>quia</span> <span class='ocrx_word' id='word_1_220' title='bbox 561 3007 628 3049; x_wconf 91' lang='lat' dir='ltr'>nota</span> <span class='ocrx_word' id='word_1_221' title='bbox 643 2991 714 3048; x_wconf 90' lang='lat' dir='ltr'>mihi</span> <span class='ocrx_word' id='word_1_222' title='bbox 731 3006 791 3063; x_wconf 84' lang='lat' dir='ltr'>tua,</span> <span class='ocrx_word' id='word_1_223' title='bbox 806 3012 920 3067; x_wconf 85' lang='lat' dir='ltr'>magne,</span> <span class='ocrx_word' id='word_1_224' title='bbox 933 2992 1080 3062; x_wconf 82' lang='lat' dir='ltr'>voluntas,</span> 
     </span>
     <span class='ocr_line' id='line_1_34' title="bbox 273 3071 1004 3149; baseline -0.001 -19"><span class='ocrx_word' id='word_1_225' title='bbox 273 3073 414 3148; x_wconf 88' lang='lat' dir='ltr'>Iuppiter,</span> <span class='ocrx_word' id='word_1_226' title='bbox 430 3087 459 3130; x_wconf 93' lang='lat' dir='ltr'>et</span> <span class='ocrx_word' id='word_1_227' title='bbox 474 3073 612 3130; x_wconf 88' lang='lat' dir='ltr'>Turnum</span> <span class='ocrx_word' id='word_1_228' title='bbox 629 3088 657 3130; x_wconf 92' lang='lat' dir='ltr'>et</span> <span class='ocrx_word' id='word_1_229' title='bbox 673 3087 757 3130; x_wconf 87' lang='lat' dir='ltr'>terras</span> <span class='ocrx_word' id='word_1_230' title='bbox 772 3073 864 3144; x_wconf 86' lang='lat' dir='ltr'>invita</span> <span class='ocrx_word' id='word_1_231' title='bbox 878 3071 983 3149; x_wconf 89' lang='lat' dir='ltr'>reliqui</span> <span class='ocrx_word' id='word_1_232' title='bbox 996 3096 1004 3140; x_wconf 91' lang='lat'><strong>;</strong></span> 
     </span>
     <span class='ocr_line' id='line_1_35' title="bbox 274 3152 1146 3212; baseline -0.001 -3"><span class='ocrx_word' id='word_1_233' title='bbox 274 3171 327 3209; x_wconf 93' lang='lat' dir='ltr'>nec</span> <span class='ocrx_word' id='word_1_234' title='bbox 343 3167 374 3210; x_wconf 88' lang='lat' dir='ltr'>tu</span> <span class='ocrx_word' id='word_1_235' title='bbox 390 3161 438 3210; x_wconf 87' lang='lat' dir='ltr'>me</span> <span class='ocrx_word' id='word_1_236' title='bbox 453 3153 528 3210; x_wconf 76' lang='lat' dir='ltr'>auria</span> <span class='ocrx_word' id='word_1_237' title='bbox 542 3153 630 3210; x_wconf 86' lang='lat' dir='ltr'>solam</span> <span class='ocrx_word' id='word_1_238' title='bbox 645 3173 724 3210; x_wconf 89' lang='lat' dir='ltr'>nunc</span> <span class='ocrx_word' id='word_1_239' title='bbox 740 3152 807 3211; x_wconf 92' lang='lat' dir='ltr'>sede</span> <span class='ocrx_word' id='word_1_240' title='bbox 822 3153 932 3212; x_wconf 87' lang='lat' dir='ltr'>videres</span> <span class='ocrx_word' id='word_1_241' title='bbox 1106 3168 1146 3208; x_wconf 75' lang='lat' dir='ltr'>sm</span> 
     </span>
     <span class='ocr_line' id='line_1_36' title="bbox 273 3231 1029 3310; baseline 0.003 -22"><span class='ocrx_word' id='word_1_242' title='bbox 273 3232 359 3307; x_wconf 88' lang='lat' dir='ltr'>digna</span> <span class='ocrx_word' id='word_1_243' title='bbox 373 3231 492 3308; x_wconf 91' lang='lat' dir='ltr'>indigna</span> <span class='ocrx_word' id='word_1_244' title='bbox 506 3233 576 3310; x_wconf 93' lang='lat' dir='ltr'>pati,</span> <span class='ocrx_word' id='word_1_245' title='bbox 591 3233 639 3290; x_wconf 89' lang='lat' dir='ltr'>sed</span> <span class='ocrx_word' id='word_1_246' title='bbox 654 3232 775 3291; x_wconf 86' lang='lat' dir='ltr'>flammis</span> <span class='ocrx_word' id='word_1_247' title='bbox 790 3233 888 3292; x_wconf 87' lang='lat' dir='ltr'>cincta</span> <span class='ocrx_word' id='word_1_248' title='bbox 902 3234 954 3292; x_wconf 88' lang='lat' dir='ltr'>sub</span> <span class='ocrx_word' id='word_1_249' title='bbox 968 3233 1029 3309; x_wconf 78' lang='lat' dir='ltr'>ipsa</span> 
     </span>
     <span class='ocr_line' id='line_1_37' title="bbox 273 3313 1133 3392; baseline 0.003 -23"><span class='ocrx_word' id='word_1_250' title='bbox 273 3329 377 3370; x_wconf 88' lang='lat' dir='ltr'>starem</span> <span class='ocrx_word' id='word_1_251' title='bbox 392 3313 454 3369; x_wconf 89' lang='lat' dir='ltr'>acie</span> <span class='ocrx_word' id='word_1_252' title='bbox 469 3315 670 3390; x_wconf 89' lang='lat' dir='ltr'>traheremque</span> <span class='ocrx_word' id='word_1_253' title='bbox 684 3313 804 3372; x_wconf 90' lang='lat' dir='ltr'>inimica</span> <span class='ocrx_word' id='word_1_254' title='bbox 818 3313 849 3371; x_wconf 91' lang='lat' dir='ltr'>in</span> <span class='ocrx_word' id='word_1_255' title='bbox 865 3314 973 3392; x_wconf 89' lang='lat' dir='ltr'>proelia</span> <span class='ocrx_word' id='word_1_256' title='bbox 989 3313 1133 3372; x_wconf 79' lang='lat' dir='ltr'>Teucros.</span> 
     </span>
     <span class='ocr_line' id='line_1_38' title="bbox 267 3405 1109 3470; baseline 0.007 -20"><span class='ocrx_word' id='word_1_257' title='bbox 267 3405 314 3464; x_wconf 87' lang='lat'>784</span> <span class='ocrx_word' id='word_1_258' title='bbox 332 3419 446 3452; x_wconf 84' lang='lat' dir='ltr'>conversa.</span> <span class='ocrx_word' id='word_1_259' title='bbox 503 3419 550 3466; x_wconf 87' lang='lat'>790</span> <span class='ocrx_word' id='word_1_260' title='bbox 567 3406 694 3452; x_wconf 84' lang='lat' dir='ltr'>certamina</span> <span class='ocrx_word' id='word_1_261' title='bbox 705 3405 764 3453; x_wconf 82' lang='lat' dir='ltr'>codd.</span> <span class='ocrx_word' id='word_1_262' title='bbox 776 3417 817 3470; x_wconf 80' lang='lat' dir='ltr'>ope.</span> <span class='ocrx_word' id='word_1_263' title='bbox 863 3407 908 3454; x_wconf 84' lang='lat'>801</span> <span class='ocrx_word' id='word_1_264' title='bbox 927 3407 959 3465; x_wconf 89' lang='lat' dir='ltr'>ni,</span> <span class='ocrx_word' id='word_1_265' title='bbox 972 3421 1032 3468; x_wconf 78' lang='lat' dir='ltr'>nec3</span> <span class='ocrx_word' id='word_1_266' title='bbox 1048 3407 1109 3456; x_wconf 78' lang='lat' dir='ltr'>edat.</span> 
     </span>
    </p>
   </div>
   <div class='ocr_carea' id='block_1_3' title="bbox 0 0 1286 4114">
    <p class='ocr_par' dir='ltr' id='par_1_5' title="bbox 0 0 1286 4114">
     <span class='ocr_line' id='line_1_39' title="bbox 0 0 1286 4114; baseline 0 0"><span class='ocrx_word' id='word_1_267' title='bbox 0 0 1286 4114; x_wconf 95' lang='lat' dir='ltr'> </span> 
     </span>
    </p>
   </div>
  </div>
 </body>
</html>
