2558 4112
242 337 287 386 142
514 315 702 370 nvancnr
719 318 875 369 nunonis

281 456 381 514 hortor
395 473 491 514 amare
506 453 586 513 focos
600 473 754 531 arcemque
767 453 902 512 attollere
916 453 1011 513 tectis.

282 537 396 615 iamque
410 534 507 594 fere'
486 555 563 594 srcco
578 534 736 627 subductae
750 534 836 593 litore
849 555 978 613 puppes;

282 616 413 676 conubiis
428 615 558 694 arvisque
573 613 655 673 nouis
670 631 786 693 operata
801 614 954 688 iuventus,

281 696 343 755 iura
357 697 514 774 domosque
529 694 653 766 dabam3
673 694 769 753 subito
782 715 849 755 cum
864 695 960 754 tabida
974 697 1111 756 membris

282 791 417 855 corrupto
432 776 505 835 caeli
521 790 614 834 tractu
630 775 848 853 miserandaque
861 775 944 835 venit

281 857 487 936 arboribusque
501 855 625 934 satisque
640 857 702 914 lues
718 872 747 915 et
761 856 859 914 letifer
873 876 974 916 annus.

281 938 454 1017 linquebant
468 937 569 996 dulces
583 936 693 996 animas
707 953 757 995 aut
771 957 853 1012 aegra
868 937 1022 996 trahebant
1113 969 1149 1006 ιιι

281 1039 420 1097 corporay
441 1034 503 1077 tum
518 1017 627 1077 steriles
643 1038 762 1076 exurere
777 1017 865 1076 Sirius
879 1037 958 1094 agros
967 1041 977 1089 ς

282 1100 401 1158 arebant
415 1097 520 1157 herbae
536 1113 565 1157 et
579 1098 689 1157 victum
704 1118 781 1174 seges
795 1117 877 1173 aegra
893 1099 1024 1174 negabat.

281 1200 376 1238 rursus
391 1179 428 1237 ad
442 1179 571 1238 oraclum
587 1179 735 1272 Ortygiae
743 1178 966 1270 Phoebumque
964 1198 1096 1236 remenso

282 1262 413 1318 hortatur
427 1275 509 1337 pater
523 1259 565 1317 ire
581 1259 652 1317 mari
667 1256 843 1336 veniamque
855 1257 977 1336 precari,

282 1359 369 1419 quam
383 1338 462 1398 fessis
477 1339 566 1397 finem
582 1327 666 1398 rebus
680 1336 764 1412 ferat,
780 1338 858 1397 unde
873 1339 1005 1398 laborum

283 1435 423 1498 temptare
438 1419 579 1478 auxilium
594 1419 703 1491 iubeat,
718 1438 776 1498 quo
790 1434 901 1478 vertere
916 1439 1022 1478 cursus.

322 1520 380 1558 nox
396 1515 465 1572 erat,
481 1515 511 1557 et
526 1499 607 1558 terris
623 1499 758 1558 animalia
773 1520 889 1558 somnus
903 1499 1047 1558 habebat:

283 1581 387 1657 effigies
402 1600 497 1639 sacrae
512 1579 610 1638 divom
627 1579 801 1658 Phrygiique
817 1580 946 1652 Penates,

283 1682 353 1741 quos
367 1681 482 1720 mecum
497 1683 513 1718 a
528 1659 618 1720 Troia
633 1660 793 1739 mediisque
809 1681 844 1720 ex
858 1659 970 1736 ignibus
985 1659 1063 1719 urbis

218 1813 221 1818 Ι
282 1741 494 1814 extuleram,
467 1741 520 1799 visi
535 1755 603 1799 ante
619 1741 717 1800 oculos
731 1740 866 1799 adstare'
857 1739 977 1799 iacentis
1114 1769 1150 1806 ιφ

283 1823 313 1882 ἰιι
328 1822 444 1895 somnis,
459 1822 553 1880 multo
567 1821 715 1880 manifesti
730 1821 851 1893 lumine,
866 1841 922 1900 qua
936 1841 967 1878 se

282 1903 369 1981 plena
383 1923 435 1980 per
449 1902 568 1960 insertas
584 1901 726 1960 fundebat
740 1901 810 1960 luna
822 1901 980 1971 fenestras3

284 1999 346 2042 tum
361 1983 400 2041 sic
415 1981 505 2041 adfari
521 1997 551 2039 et
565 2002 646 2040 curas
661 1980 706 2040 his
719 1981 837 2040 demere
851 1981 953 2040 dictis:

264 2063 361 2142 ‘quod
376 2062 429 2122 tibi
444 2063 542 2121 delato
556 2061 710 2140 Ortygiam
724 2062 852 2121 dicturus
866 2063 975 2140 Apollo
989 2077 1041 2135 est,

283 2144 331 2202 hic
346 2142 433 2215 canit,
449 2157 479 2201 et
494 2157 542 2200 tua
556 2163 608 2202 nos
624 2163 661 2202 en
676 2143 753 2200 ultro
767 2142 804 2201 ad
818 2142 919 2201 limina
934 2143 1033 2201 mittit.

283 2244 334 2283 nos
350 2238 379 2282 te
392 2223 540 2282 Dardania
553 2223 672 2283 incensa
686 2239 793 2301 tuaque
807 2243 883 2281 arma
896 2223 997 2296 secuti,

284 2305 335 2364 n'os
350 2305 495 2363 tumidum
509 2305 561 2364 sub
577 2321 606 2362 re
620 2303 765 2382 permensi
781 2303 916 2363 classibus
929 2323 1047 2381 aequor,

284 2385 362 2444 idem
375 2401 512 2443 venturos
528 2385 664 2443 tollemus
678 2384 709 2442 in
723 2400 797 2443 astra
812 2401 932 2463 nepotes

283 2465 497 2545 imperiumque
511 2465 574 2524 urbi
590 2465 731 2524 dabimus.
774 2480 806 2523 tu
821 2465 936 2523 moenia
950 2464 1060 2541 magnis

283 2567 385 2622 magna
400 2567 477 2624 para,
493 2546 672 2623 longumque
686 2545 770 2620 fugae
786 2566 823 2604 ne
838 2545 939 2624 linque
955 2546 1094 2604 laborem.
1114 2561 1149 2602 160

283 2627 439 2685 mutandae
453 2626 544 2684 sedes.
586 2645 646 2683 non
661 2627 733 2684 haec
750 2625 802 2684 tibi
817 2625 902 2684 litora
917 2625 1003 2684 suasit

283 2706 387 2765 Delius
401 2721 450 2764 aut
466 2707 572 2766 Cretae
586 2705 669 2763 iussit
683 2705 833 2764 considere
848 2706 965 2784 Apollo.

284 2802 327 2846 est
340 2788 430 2860 locus,
447 2785 621 2864 Hesperiam
636 2785 708 2845 Grai
723 2786 897 2862 cognomine
911 2786 1024 2858 dicunt,

285 2882 358 2926 terra
373 2867 501 2946 antiqua,
515 2882 620 2945 potens
634 2865 719 2925 armis
734 2884 820 2945 atque
834 2867 922 2925 ubere
937 2867 1058 2941 glebae3

284 2947 409 3006 Oenotri
424 2949 540 3007 coluere
555 2946 608 3005 viri
617 2971 628 3016 3
649 2967 728 3005 nunc
743 2946 819 3005 fama
833 2946 959 3004 minores

284 3028 400 3086 Italiam
414 3027 519 3086 dixisse
533 3027 614 3086 ducis
629 3028 666 3085 de
681 3027 799 3086 nomine
813 3044 949 3102 gentem:

284 3109 338 3164 hae
353 3107 435 3165 nobis
448 3108 581 3186 propriae
595 3108 685 3179 sedes,
700 3108 770 3166 hinc
778 3107 939 3166 'Dardanus
954 3121 1042 3177 ortus,

284 3186 431 3265 Iasiusque
444 3203 535 3265 pater,
551 3208 647 3264 genus
641 3210 671 3246 a
685 3207 743 3267 quo
756 3187 889 3266 principe
904 3202 1044 3246 nostrum.

284 3287 365 3342 surge
379 3285 431 3342 age
446 3283 475 3324 et
489 3269 561 3325 haec
576 3269 668 3326 laetus
683 3269 823 3344 longaevo
839 3267 916 3326 dicta
930 3265 1043 3346 parenti

511 3360 555 3421 146
572 3361 689 3422 temptari.
724 3360 769 3408 166
787 3361 884 3410 duxisse.
