2556 4116
381 381 569 430 BUCOLICA:
595 382 666 431 ECL.
682 382 722 430 IV
993 397 1008 444 9

179 516 226 574 M.
237 513 356 592 parcite,
366 533 443 585 oves,
453 513 577 571 nimium
586 513 761 590 procedere:
776 533 835 571 non
846 513 919 571 bene
929 512 1009 591 ripae

135 596 265 655 creditur
279 619 288 666 3
309 595 369 671 ipse
385 594 456 652 aries
471 595 558 654 etiam
573 615 652 652 nunc
668 594 775 653 vellera
789 594 885 654 siccat.
926 615 927 618 ¹

181 677 222 735 D.
244 676 358 752 Tityre,
373 691 524 753 pascentes
538 697 554 733 a
569 674 690 734 flumine
704 675 782 733 reice
798 675 921 752 capellas
936 697 943 733 ε

137 759 210 835 ipse,
225 757 274 815 ubi
290 772 404 834 tempus
419 756 482 828 erit,
498 777 598 814 omnes
613 756 644 813 in
659 757 741 814 fonte
756 755 866 815 lavabo,

182 839 228 897 M.
250 837 344 912 cogite
358 857 436 908 oves,
448 837 531 914 pueri
544 861 554 905 ;
576 837 598 894 si
614 837 657 895 lac
673 837 854 914 praeceperit
869 853 971 908 aestus,

139 934 173 978 ut
187 939 289 996 nuper,
305 918 407 976 frustra
422 917 610 995 pressabimus
626 918 714 975 ubera
729 917 848 994 palmis.¹

184 1000 223 1057 D.
246 1000 304 1057 heu
326 1000 393 1070 heu,
412 1019 499 1076 quam
518 998 619 1074 pingui
640 1019 736 1057 macer
755 1013 797 1056 est
818 997 891 1056 mihi
913 1013 1009 1056 taurus

221 1081 252 1138 ln
267 1079 354 1139 ervo!
757 1149 761 1160 ι
972 1108 1010 1136 roo

141 1162 218 1219 idem
233 1181 311 1218 amor
326 1160 448 1219 exitium
463 1159 559 1237 pecori
574 1161 741 1238 pecorisque
756 1159 900 1234 magistro.

183 1243 228 1300 M.
253 1242 297 1298 his
319 1257 397 1300 certe
419 1262 514 1320 neque
536 1261 615 1299 amor
637 1253 721 1300 causa
743 1257 805 1298 est:
830 1240 879 1298 vix
901 1239 1009 1298 ossibus

221 1325 348 1382 haerent.

142 1404 238 1461 nescio
252 1404 315 1481 quis
331 1419 442 1462 teneros
456 1403 557 1461 oculus
571 1403 643 1460 mihi
659 1403 781 1460 fascinat
795 1423 891 1478 agnos.

185 1485 225 1542 D.
253 1484 310 1556 dic,
337 1483 442 1561 quibus
466 1484 497 1541 iu
526 1483 687 1543 terris—et
713 1483 767 1541 eris
791 1482 863 1541 mihi
889 1503 1008 1559 magnus

221 1565 371 1643 Apollo-

142 1661 196 1704 tres
210 1660 307 1724 pateat
322 1646 395 1704 caeli
411 1645 535 1724 spatium
550 1665 608 1704 non
624 1645 747 1724 amplius
763 1645 853 1704 ulnas.

185 1727 229 1786 M.
250 1727 309 1798 dic,
324 1727 427 1804 quibus
443 1727 473 1784 in
488 1727 569 1785 terris
583 1726 714 1804 inscripti
730 1727 849 1785 nomina
863 1745 963 1801 regum

143 1823 294 1866 nascantur
309 1807 401 1880 flores,
417 1823 446 1866 et
462 1807 594 1884 Phyllida
609 1808 684 1865 solus
699 1806 813 1865 habeto.

183 1890 219 1946 P.
242 1907 301 1946 non
317 1905 446 1948 nostrum
461 1889 600 1946 intervos
616 1903 709 1946 tantas
724 1907 896 1964 componere
911 1887 985 1944 lites.

143 1983 171 2026 et
184 1969 276 2027 vitula
291 1985 323 2028 tu
338 1970 442 2046 dignus
456 1985 485 2028 et
499 1969 556 2039 hic,
573 1985 602 2028 et
617 1969 746 2046 quisquis
761 1988 868 2026 amores

144 2064 191 2106 aut
204 2065 315 2108 metuet
329 2050 428 2108 dulces
443 2065 492 2108 aut
507 2050 672 2127 experietur
687 2069 804 2108 amaros.
974 2077 1011 2104 110

143 2130 268 2228 claudite
283 2130 341 2188 iam
356 2131 440 2203 rivos,
454 2131 536 2208 pueri
552 2152 558 2188 :
581 2147 622 2189 sat
637 2146 716 2208 prata
731 2129 875 2188 biberunt.

438 2449 608 2507 ECLOGA
629 2447 675 2504 IV

496 2579 618 2628 POLLIO

145 2699 289 2757 Srcanroas
305 2700 418 2770 Musae,
434 2699 522 2776 paulo
536 2697 643 2756 maiora
659 2695 813 2756 canamus!

144 2799 202 2837 non
217 2800 317 2838 omnes
333 2779 446 2838 arbusta
461 2779 562 2837 iuv'ant
576 2779 757 2855 humilesque
773 2776 899 2852 myricae
912 2801 921 2847 ;

145 2859 165 2916 si
180 2861 311 2918 canimus
326 2861 420 2931 silvas,
436 2859 524 2917 silvae
539 2859 596 2917 sint
610 2858 728 2916 consule
743 2857 856 2932 dignae.

184 2941 287 2999 ultima
303 2940 427 2999 Cumaei
441 2940 521 2998 venit
536 2940 593 2998 iam
608 2938 743 2998 carminis
759 2953 834 2995 aetas
847 2962 857 3008 3

144 3041 263 3097 magnus
278 3021 314 3079 ab
329 3022 443 3096 integro
458 3020 618 3079 saeclorum
633 3019 758 3077 nascitur
772 3018 849 3077 ordo.

144 3101 200 3160 iam
215 3103 290 3160 redit
305 3119 334 3160 et
349 3102 449 3178 Virgo,
465 3101 587 3160 redeunt
604 3099 737 3159 Saturnia
751 3119 838 3176 regna
851 3125 861 3170 ;

144 3182 201 3240 iam
217 3203 291 3242 nova
305 3183 455 3261 progenies
471 3183 551 3240 caelo
566 3181 729 3239 demittitur
743 3181 809 3239 alto.

145 3278 175 3322 tu
190 3265 277 3323 modo
292 3264 422 3323 nascenti
436 3284 537 3342 puero,
552 3283 610 3340 quo
626 3263 716 3320 ferrea
730 3262 857 3340 primum

144 3344 256 3404 desinet
271 3367 303 3403 ac
319 3361 380 3403 toto
395 3359 490 3420 surget
504 3363 572 3420 gens
586 3364 670 3400 aurea
686 3343 804 3415 mundo,

145 3442 222 3485 casta
237 3427 301 3485 fave
316 3426 447 3485 Lucina:
473 3441 538 3484 tuus
553 3424 610 3482 iam
625 3440 725 3500 regnat
739 3423 855 3501 Apollo.
991 3451 1015 3477 10
