2562 4114
257 353 308 412 ιρι
532 345 559 396 1³.
573 343 717 394 venons
734 341 894 392 uanouls

340 475 456 535 taudem
471 475 603 534 ductores
617 473 712 532 audita
725 473 813 531 caede
827 493 942 534 suorum

299 555 478 617 conveniunt
492 554 613 626 Teucri,
629 554 801 612 Mnestheus
815 574 937 632 acerque
953 555 1092 626 Serestus,

297 637 483 716 palantesque
497 635 598 696 vident
612 635 700 694 socios
715 636 885 712 hostemque
897 651 1058 711 receptum
1130 654 1167 705 ,ιο
1261 650 1262 718 q

299 733 328 777 et
357 717 567 776 Mnestheus‘
572 737 630 796 quo
657 715 763 775 deinde
791 714 897 790 fugam,
925 737 983 794 quo
1013 715 1165 776 tenditis?’
1261 753 1262 792 q

380 798 484 877 inquit.

281 889 369 959 ‘quos
384 880 453 938 alios
468 897 574 949 muros,
588 897 660 971 quae
674 876 732 936 iam
747 877 821 936 ultra
834 877 950 936 moenia
962 877 1094 937 habetis?

300 981 374 1020 unus
388 962 476 1019 homo
490 975 519 1019 et
533 959 643 1030 vestris,
656 979 674 1018 o
688 958 774 1030 cives,
790 957 918 1036 undique
932 973 1045 1034 saeptus

299 1041 445 1118 aggeribus
460 1056 551 1100 tantas
566 1056 669 1115 strages
684 1039 795 1118 inpune
807 1059 860 1116 per
875 1039 975 1098 urbem

300 1121 469 1182 ediderit?'
461 1140 600 1182 iuvenum
614 1118 720 1198 primos
735 1134 778 1179 tot
792 1119 901 1179 miserit
916 1121 1014 1179 Orco?

301 1224 361 1261 non
376 1202 503 1261 infelicis
517 1202 628 1280 patriae
643 1216 833 1294 veterumque
847 1201 968 1260 deorum

301 1299 330 1343 et
345 1303 441 1358 magni
433 1283 585 1355 Aeneae,
600 1302 710 1358 segnes,
725 1280 900 1359 miseretque
914 1282 1084 1360 pudetque.
1078 1278 1105 1326 θ’

300 1364 405 1424 talibus
421 1383 536 1422 accensr
528 1362 701 1422 firmantur
716 1377 746 1420 et
760 1361 875 1438 agmine
888 1363 979 1420 denso

300 1443 473 1504 consistunt.
517 1444 637 1502 Turnus
651 1442 793 1522 paulatim
807 1443 948 1502 excedere
963 1462 1061 1521 pugna

300 1540 329 1584 et
343 1523 464 1583 fluvium
478 1539 580 1601 petere
594 1544 627 1582 ac
642 1540 755 1602 partem
768 1543 843 1602 quae
856 1523 983 1600 cingitur
997 1524 1085 1583 unda.
1133 1553 1167 1594 ⁷⁹0

300 1605 392 1664 acrius
407 1606 462 1662 hoc
479 1604 590 1662 Teucri
607 1605 736 1663 clamore
750 1605 921 1664 incumbere
935 1624 1040 1679 magno

301 1701 330 1746 et
344 1686 503 1762 glomerare
518 1704 639 1744 manum
653 1706 661 1744 ε
683 1705 737 1745 ceu
753 1705 869 1744 saevum
884 1685 967 1743 turba
982 1685 1101 1744 leonem
1189 1711 1191 1720 ’
1264 1703 1265 1710 “

299 1787 367 1825 cum
383 1765 448 1824 telis
462 1765 572 1844 premit
586 1765 731 1839 infensis5
752 1781 781 1826 at
796 1766 911 1825 territus
926 1765 987 1838 ille,

300 1868 391 1925 asper,
406 1848 510 1906 acerba
525 1862 621 1920 tuens,
636 1863 714 1906 retro
728 1847 813 1920 redit,
829 1862 860 1906 et
873 1866 970 1925 neque
985 1861 1065 1922 terga

299 1927 341 1986 ira
355 1929 424 1987 dare
439 1943 489 1987 aut
504 1927 595 1988 virtus
609 1927 729 2006 patitur,
745 1948 800 1986 nec
816 1927 937 1986 tendere
951 1941 1064 1999 contra,

299 2009 350 2067 ille
375 2007 495 2086 quidem
517 2010 575 2069 hoc
600 2007 731 2087 cupiens,
755 2007 831 2087 potis
854 2024 897 2067 est
921 2008 1058 2086 per‘tela
1081 2007 1168 2067 viros-

381 2109 447 2166 que.

299 2168 378 2227 haud
392 2169 477 2228 aliter
491 2185 569 2228 retro
583 2171 689 2230 dubius
701 2169 821 2246 vestigia
836 2171 954 2229 Turnus

299 2249 486 2328 inproperata
501 2250 601 2324 refert,
617 2267 647 2310 et
662 2271 743 2310 mens
759 2267 908 2311 exaestuat
923 2251 974 2310 ira.

300 2329 371 2409 quin
386 2330 474 2390 etiam
489 2331 532 2390 bis
550 2346 612 2391 tum
627 2331 738 2390 medios
753 2330 896 2392 invaserat
908 2333 1016 2404 hostes,

300 2410 343 2469 bis
358 2411 480 2470 confusa
494 2412 563 2488 fuga
576 2433 629 2490 per
643 2433 740 2472 muros
755 2413 869 2488 agmina
883 2411 992 2480 vertit3
1131 2429 1169 2470 ιω

300 2491 350 2550 sed
364 2512 466 2551 manus
482 2513 498 2552 e
514 2493 612 2552 castris
627 2513 750 2572 propere
765 2499 825 2551 ιοϊι
838 2493 932 2552 omnis
947 2493 978 2550 in
994 2513 1096 2565 unum,

300 2593 355 2631 nec
371 2587 472 2632 contra
487 2571 561 2631 vires
576 2574 665 2632 audet
680 2572 814 2632 Saturnia
828 2575 903 2633 Iuno

300 2653 452 2724 sufficere,
472 2653 578 2713 aeriam
594 2654 675 2714 caelo
690 2673 758 2714 nam
773 2653 906 2732 Iuppiter
919 2653 992 2713 Irim

300 2733 417 2793 demisit
431 2753 585 2809 germanae
599 2735 679 2794 haud
693 2734 793 2794 mollia
807 2735 881 2794 iussa
895 2736 1049 2806 ferentem,

300 2814 331 2871 ni
347 2814 467 2873 Turnus
483 2815 568 2874 cedat
583 2816 767 2876 Teucrorum
781 2816 934 2876 moenibus
948 2815 1024 2874 altis.

300 2913 368 2970 ergo
383 2916 437 2954 nec
453 2895 572 2974 clipeo
564 2897 677 2956 iuvenis
692 2897 846 2956 subsistere
861 2912 975 2956 tantum

300 2993 355 3032 nec
370 2975 472 3036 dextra
485 2977 586 3049 valet,
607 2976 722 3036 iniectis
738 2977 778 3036 sic
794 2977 924 3057 undique
938 2976 1004 3037 telis

300 3055 443 3117 obruitur.
485 3058 587 3136 strepit
603 3057 723 3117 adsiduo
737 3079 806 3116 cava
822 3073 952 3135 tempora
967 3057 1080 3116 circum

301 3134 411 3196 tinnitu
425 3138 515 3215 galea,
532 3154 561 3197 et
576 3138 649 3198 saxis
663 3138 754 3198 solida
768 3158 833 3197 aera
848 3139 995 3210 fatiscunt,

300 3215 502 3310 discussaeque
517 3219 603 3278 iubae
617 3219 716 3298 capiti,
731 3239 786 3278 nec
801 3218 906 3277 sufficit
920 3219 1009 3278 umbo
1134 3237 1173 3277 810

301 3295 429 3368 ictibus,
450 3297 633 3374 ingeminant
647 3299 735 3358 hastis
750 3314 780 3358 et
795 3299 887 3358 Troes
902 3315 932 3358 et
947 3299 1008 3376 ipse

665 3406 711 3456 793
729 3407 763 3442 ³⁰·
