2558 4112
388 363 589 412 GEORGICON
607 364 670 412 LIB.
687 364 726 411 111
979 361 1008 424 65

144 510 243 556 monte
258 493 355 552 minor
368 494 542 572 procumbit,
558 507 585 552 at
600 493 657 551 ima
672 508 815 552 exaestuat
830 494 906 552 unda
974 524 1012 562 240

144 575 299 636 verticibus
314 575 482 654 nigramque
498 576 553 634 alte
569 575 709 634 subiectat
722 577 868 633 harenam.

184 677 270 715 omne
282 656 353 714 adeo
363 675 452 731 genus
464 655 494 714 in
506 656 586 714 terris
601 656 809 733 hominumque
821 655 1010 734 ferarumque,

147 754 175 797 et
188 759 277 814 genus
292 744 475 814 aequoreum,
490 737 615 814 pecudes
629 737 782 814 pictaeque
796 737 936 808 volucres,

146 819 175 877 in
191 818 277 876 furias
291 819 447 896 ignemque
462 833 570 876 ruunt:
592 837 671 876 amor
685 817 819 875 omnibus
834 817 921 876 idem.

147 916 273 977 tempore
289 920 348 957 non
364 899 420 957 alio
434 899 596 958 catulorum
612 898 701 957 oblita
714 899 813 956 leaena

147 981 253 1039 saevior
266 979 369 1038 erravit
384 980 500 1057 campis,
516 1000 570 1038 nec
587 979 687 1037 funera
701 980 787 1054 vulgo

147 1076 203 1119 tam
218 1061 310 1118 multa
324 1060 461 1120 informes
477 1060 532 1119 ursi
549 1075 728 1138 stragemque
742 1059 846 1118 dedere

146 1163 196 1220 per
209 1141 312 1209 silvas;
333 1157 396 1200 tum
411 1162 509 1200 saevus
523 1162 599 1218 aper,
617 1155 679 1198 tum
693 1141 814 1218 pessima
828 1139 925 1215 tigris3

146 1225 202 1281 heu
217 1223 293 1281 male
308 1238 370 1280 tum
385 1222 493 1298 Libyae
509 1223 574 1279 solis
590 1236 698 1279 erratur
712 1221 742 1280 in
758 1221 838 1297 agris.

147 1324 243 1361 nonne
258 1303 345 1375 vides,
362 1318 394 1362 ut
409 1318 467 1361 tota
483 1317 590 1360 tremor
603 1316 778 1381 pertemptet
793 1321 932 1380 equorum
978 1329 1016 1368 250

147 1404 272 1462 corpora,
289 1384 310 1442 si
325 1395 439 1442 tantum
454 1399 533 1442 notas
549 1381 620 1441 odor
634 1383 730 1442 attulit
744 1387 843 1441 auras?

147 1486 177 1523 ac
193 1485 288 1542 neque
304 1485 349 1522 eos
365 1464 421 1522 iam
436 1464 518 1522 frena
532 1463 626 1522 virum
641 1485 735 1542 neque
750 1464 868 1540 verbera
882 1483 971 1532 saeva,

147 1567 205 1603 non
220 1545 331 1622 scopuli
345 1565 486 1622 rupesque
502 1566 587 1603 cavae
603 1561 688 1622 atque
702 1543 815 1602 obiecta
828 1544 973 1602 retardant

146 1626 266 1684 flumina
281 1641 482 1703 correptosque
498 1627 576 1684 unda
591 1625 753 1704 torquentia
765 1640 889 1683 montes.

146 1707 206 1785 ipse
220 1707 279 1765 ruit
293 1707 451 1784 dentesque
469 1707 627 1765 Sabellicus
642 1705 756 1764 exacuit
770 1725 825 1776 sus,

147 1804 174 1846 et
189 1788 262 1866 pede
276 1787 435 1864 prosubigit
450 1804 565 1857 terram,
581 1786 663 1844 fricat
677 1786 776 1844 arbore
791 1800 890 1856 costas,

146 1885 231 1946 atque
246 1869 316 1926 hinc
332 1883 417 1946 atque
433 1867 514 1925 illinc
533 1887 644 1926 umeros
658 1866 694 1924 ad
708 1866 827 1946 vulnera
841 1866 935 1923 durat.

146 1951 217 2029 quid
230 1949 352 2020 iuvenis,
369 1968 506 2023 magnum
522 1947 569 2006 cui
583 1963 676 2006 versat
690 1947 720 2004 in
735 1947 842 2005 ossibus
857 1946 954 2020 ignem

146 2032 233 2089 durus
249 2034 345 2088 amor?
368 2049 473 2106 nempe
490 2029 617 2106 abruptis
633 2027 744 2087 turbata
758 2027 893 2106 procellis

147 2128 234 2170 nocte
249 2126 331 2168 natat
345 2131 430 2168 caeca
445 2131 522 2168 serus
538 2110 610 2168 freta
618 2133 628 2177 3
649 2130 736 2188 quem
752 2129 836 2186 super
850 2108 951 2184 ingens
975 2125 1017 2164 aso

147 2207 229 2270 porta
244 2207 325 2250 tonat
340 2191 411 2250 caeli
428 2207 456 2249 et
472 2190 595 2267 scopulis
610 2189 693 2247 inlisa
706 2190 866 2248 reclamant

147 2294 289 2350 aequora;
310 2293 364 2330 nec
381 2271 476 2330 miseri
491 2285 610 2348 possunt
624 2291 758 2329 revocare
772 2284 905 2348 parentes

148 2375 201 2412 nec
217 2353 355 2411 moritura
371 2373 454 2430 super
470 2351 580 2410 crudeli
595 2352 698 2410 funere
712 2350 800 2424 virg0.

148 2435 219 2514 quid
233 2435 332 2510 lynces
348 2433 455 2492 Bacchi
472 2433 564 2491 variae
581 2447 609 2490 et
623 2451 712 2506 genus
727 2451 791 2488 acre
805 2431 941 2506 luporum

148 2531 234 2593 atque
250 2520 374 2573 canum?
395 2513 474 2592 quid
491 2533 563 2592 quae
579 2513 701 2571 inbelles
716 2512 786 2570 dant
799 2510 908 2588 proelia
922 2508 1017 2568 cervi?

148 2596 261 2654 scilicet
275 2612 341 2654 ante
356 2615 455 2654 omnes
470 2595 548 2652 furor
564 2610 605 2652 est
620 2593 737 2668 insignis
753 2611 910 2670 equarum3

149 2693 179 2736 et
193 2693 322 2736 mentem
337 2678 438 2735 Venus
453 2676 512 2754 ipsa
528 2675 617 2747 dedit,
633 2695 690 2753 quo
706 2688 834 2750 tempore
850 2669 956 2729 Glauci

149 2759 302 2816 Potniades
318 2758 398 2816 malis
413 2757 542 2815 membra
558 2757 738 2833 absumpsere
754 2751 912 2832 quadrigae.

148 2839 213 2897 illas
227 2839 309 2897 ducit
323 2859 401 2898 amor
416 2853 491 2896 trans
508 2839 632 2912 Gargara
649 2852 782 2914 transque
797 2848 947 2892 sonantem

148 2921 329 2990 Ascanium3
350 2934 485 2997 superant
501 2934 612 2976 montes
627 2932 657 2976 et
671 2916 792 2974 flumina
806 2929 928 2983 tranant,
979 2942 1019 2982 270

149 3002 348 3079 continuoque
363 3000 451 3058 avidis
467 2999 516 3057 ubi
531 2999 644 3057 subdita
660 2996 774 3054 flamma
788 2993 965 3054 medullis-

148 3103 217 3140 vere
232 3083 328 3157 magis,
344 3081 411 3159 quia
425 3101 490 3139 vere
506 3079 584 3138 calor
599 3077 671 3136 redit
687 3076 903 3135 ossibus-illae

149 3183 199 3221 ore
214 3183 313 3221 omnes
327 3183 421 3220 versae
436 3162 467 3219 in
482 3161 651 3238 Zephyrum
667 3172 743 3216 stant
757 3157 874 3236 rupibus
889 3154 963 3228 altis,

149 3259 362 3322 exceptantque
377 3245 453 3301 leves
468 3261 548 3300 auras
563 3255 591 3298 et
606 3259 687 3316 saepe
704 3239 764 3297 sine
780 3238 846 3297 ullis

149 3325 292 3399 coniugiis
307 3340 394 3383 vento
408 3320 712 3399 gravidae-mirabile
727 3319 850 3380 dictu-

463 3431 511 3477 274
527 3422 667 3476 exspectant.

558 3501 574 3538 F
