2568 4114
247 312 294 376 238
520 310 548 361 Ρ.
565 309 710 361 VERGILI
728 307 886 358 MARONIS

288 461 372 501 aurea
386 441 552 520 pectoribus
567 440 689 500 demissa
704 439 824 498 monilia
836 440 969 517 pendent
983 465 993 512 ;

289 522 358 582 tecti
374 543 451 594 auro,
468 522 582 580 fulvum
598 521 741 580 mandunt
755 521 808 579 sub
823 520 960 580 dentibus
975 540 1087 580 aurum.

288 603 397 663 absenti
411 605 531 662 Aeneae
546 622 662 662 currum
676 601 863 680 geminosque
878 601 996 677 iugales,
1119 620 1160 661 280

288 685 398 743 semine
412 685 447 742 ab
462 684 600 756 aetherio,
616 683 754 761 spirantes
769 682 884 741 naribus
899 682 1006 757 ignem,

287 765 405 824 illorum
420 765 457 823 de
471 781 568 840 gente,
583 764 658 843 patri
672 783 744 843 quos
757 763 876 822 daedala
891 762 977 822 Circe

289 846 434 924 supposita
448 845 485 904 de
499 862 591 904 matre
606 847 709 904 nothos
724 845 817 903 furata
830 844 949 904 creavit.

289 926 393 986 talibus
407 926 559 984 Aeneadae
575 925 658 984 donis
673 925 817 1002 dictisque
830 925 929 983 Latini

289 1007 426 1066 sublimes
441 1007 472 1064 in
488 1006 569 1085 equis
584 1006 720 1078 redeunt,
733 1025 894 1084 pacemque
908 1021 1065 1084 reportant.

330 1108 399 1148 ecce
413 1103 510 1146 autem
526 1085 653 1145 Inachiis
669 1106 729 1145 sese
742 1085 883 1145 referebat
898 1087 933 1144 ab
947 1086 1029 1162 Argis

289 1190 371 1228 saeva
386 1169 463 1227 Iovis
478 1167 618 1240 coniunx,
633 1187 771 1246 aurasque
786 1167 901 1226 invecta
916 1168 1042 1240 tenebat,

290 1266 319 1309 et
334 1251 445 1309 laetum
458 1250 589 1307 Aeneam
603 1249 781 1326 classemque
797 1268 832 1306 ex
846 1249 961 1306 aethere
977 1249 1062 1323 longe

290 1331 466 1390 Dardaniam
482 1329 582 1388 Siculo
596 1329 744 1407 prospexit
757 1329 792 1388 ab
808 1349 898 1407 usque
913 1328 1059 1406 Pachyno.

290 1410 385 1469 moliri
400 1411 457 1468 iam
474 1425 550 1469 tecta
565 1409 653 1482 videt,
669 1411 726 1468 iam
741 1410 829 1469 fidere
843 1425 955 1481 terrae;
1121 1439 1161 1479 290

290 1491 445 1550 deseruisse
459 1507 543 1550 rates.
586 1491 666 1550 stetit
680 1491 737 1550 acri
753 1490 810 1549 fixa
823 1491 932 1550 dolore.

291 1588 353 1630 turn
369 1592 502 1650 quassans
517 1587 604 1650 caput
618 1574 690 1630 haec
706 1571 830 1630 effundit
843 1586 961 1649 pectore
975 1571 1053 1630 dicta
1067 1593 1075 1630 t

271 1654 348 1710 ‘heu
363 1652 481 1730 stirpem
496 1651 628 1726 invisam,
644 1669 673 1711 et
687 1652 753 1712 fatis
768 1653 910 1712 contraria
924 1651 1027 1711 nostris

291 1733 349 1792 fata
365 1732 529 1826 Phrygum!
574 1755 645 1793 num
662 1733 750 1810 Sigeis
764 1735 938 1792 occumbere
953 1731 1072 1811 campis,

292 1833 362 1872 num
377 1814 453 1907 capti
468 1831 588 1893 potuere
603 1815 689 1893 capi?
730 1835 800 1874 num
814 1815 933 1873 incensa
948 1814 1088 1873 cremavit

291 1895 381 1954 Troia
395 1895 489 1953 viros?
530 1896 640 1954 medias
655 1895 729 1954 acies
745 1895 912 1974 mediosque
926 1915 979 1974 per
993 1894 1073 1970 ignes

291 1975 429 2034 invenere
445 1976 530 2036 viam
573 1993 611 2048 at,
626 1977 721 2049 credo,
736 1997 801 2036 mea
815 1975 937 2035 numina
951 1975 1071 2034 tandem

292 2055 386 2114 fessa
379 2072 485 2129 tacent,
500 2056 573 2115 odiis
587 2072 638 2115 aut
653 2073 812 2116 exsaturata
826 2057 945 2136 quievi;

292 2136 363 2215 quin
378 2137 465 2196 etiam
479 2137 571 2215 patria
585 2159 717 2198 excussos
732 2138 836 2197 infesta
850 2159 902 2216 per
915 2138 1007 2197 undas

292 2237 358 2275 ausa
373 2218 464 2296 sequi,
479 2233 509 2277 et
522 2219 650 2296 profugis
666 2234 788 2278 rotome
803 2239 949 2297 opponere
960 2235 1062 2312 ponto.
1124 2249 1164 2288 300

292 2297 481 2375 absumptae
473 2319 504 2357 ιιι
518 2299 691 2358 Teucros
664 2321 738 2358 vrres
751 2299 883 2377 caelique
897 2299 1049 2380 marisque.

291 2378 363 2457 quid
378 2380 474 2456 Syrtes
489 2396 539 2439 aut
554 2381 649 2458 Scylla
661 2380 743 2450 mihi,
758 2379 829 2458 quid
842 2396 920 2438 vasta
936 2365 1100 2457 Chaiybdis
1178 2443 1180 2447 ,

291 2459 422 2538 profuit?
463 2476 562 2540 optato
577 2462 743 2519 conduntur
758 2461 918 2538 Thybridis
933 2460 1022 2533 alveo,

291 2561 383 2599 secun
375 2541 491 2618 pelagi
506 2557 592 2620 atque
607 2541 674 2602 mei.
718 2542 798 2600 Mars
812 2542 933 2620 perdere
947 2557 1067 2617 gentem

291 2621 440 2680 inmanem
455 2621 614 2700 Lapithum
629 2622 722 2680 valuit
731 2647 741 2694 ;
762 2621 904 2682 concessit
918 2623 950 2680 in
965 2622 1018 2681 iras

291 2701 352 2780 ipse
366 2703 454 2761 deum
469 2702 618 2781 antiquam
633 2703 746 2778 genitor
761 2703 913 2780 Calydona
927 2702 1062 2774 Dianae3

291 2783 371 2860 quod
401 2783 494 2842 scelus
526 2799 576 2842 aut
604 2783 742 2863 Lapithas
775 2798 898 2856 tantum,
927 2799 978 2843 aut
1006 2784 1162 2860 Calydona

373 2868 553 2923 merentem?

291 2959 334 3002 ast
350 2965 411 3020 ego,
426 2965 529 3020 magna
545 2945 621 3004 Iovis
636 2945 775 3017 coniunx,
791 2946 833 3004 nil
849 2945 1005 3024 linquere
997 2965 1134 3004 mausum

291 3044 365 3117 quae
379 3025 461 3102 potui
476 3025 591 3100 infelix,
606 3047 680 3104 quae
695 3043 805 3085 memet
818 3025 851 3084 in
867 3025 965 3084 omnia
979 3025 1065 3099 verti,

291 3104 392 3164 vincor
406 3106 442 3164 ab
456 3107 565 3167 Aenea.
608 3106 723 3185 quod
701 3128 724 3166 st
739 3127 804 3166 mea
819 3106 942 3165 numina
957 3126 1017 3165 non
1032 3121 1101 3166 suut
1123 3137 1163 3175 μα

291 3203 394 3260 magna
415 3186 490 3258 satis,
506 3187 638 3246 dubitem
658 3187 736 3246 haud
758 3186 894 3265 equidem
915 3186 1061 3265 inplorare
1081 3186 1163 3265 quod

372 3285 493 3344 usquam
508 3284 560 3327 est.

261 3356 306 3406 288
325 3361 404 3419 longo.
439 3373 484 3420 307
503 3359 608 3422 Lapithis
626 3396 633 3409 .
651 3396 657 3410 .
675 3395 682 3410 .
699 3363 818 3424 Calydone
828 3369 940 3410 merente.
975 3375 1023 3422 3¹0
1041 3361 1130 3411 vincar.
