2562 4114
457 371 623 420 AENEIDOS
640 369 703 420 LIB.
719 371 758 418 1x

183 501 273 560 Nisus
288 500 349 561 abit
361 525 370 572 ;
392 501 508 580 iamque
522 499 681 579 inprudens
698 515 824 559 evaserat
837 501 933 559 hostes

183 597 270 660 atque
285 582 374 654 locos,
389 583 440 662 qui
455 597 518 660 post
532 584 625 642 Albae
640 581 676 640 de
692 580 812 640 nomine
827 581 899 640 dicti

182 662 302 732 Albani,
318 679 381 722 tum
395 683 446 724 rex
461 664 571 722 stabula
586 664 643 722 alta
658 662 781 721 Latinus
795 662 943 734 habebat3

186 757 219 802 ut
233 743 313 803 stetit
328 759 357 802 et
372 745 474 804 frustra
489 745 638 803 absentem
652 743 779 822 respexit
793 743 929 804 amicum.

166 825 310 902 ‘Euryale
324 824 437 898 infelix,
453 845 510 903 qua
525 840 554 883 te
569 825 686 900 regione
701 823 828 902 reliqui?
1011 853 1049 896 39⁰
1107 845 1112 854 ·

185 925 278 983 quave
293 925 401 983 sequar,
416 926 511 964 rursus
525 906 699 984 perplexum
714 904 770 963 iter
785 924 872 963 omne
887 906 1038 964 revolvens

184 985 294 1044 fallacis
309 985 397 1045 silvae
409 986 439 1044 i’
482 985 566 1044 simul
583 1000 612 1044 et
627 985 746 1060 vestigia
759 1001 836 1044 retro

184 1065 333 1125 observata
347 1066 419 1142 legit
433 1065 586 1145 dumisque
601 1066 753 1124 silentibus
769 1082 853 1126 errat.

184 1146 266 1207 audit
281 1167 379 1227 equos,
394 1147 475 1206 audit
490 1146 625 1224 strepitus
640 1163 670 1205 et
685 1145 763 1222 signa
777 1161 959 1225 sequentum.

185 1247 240 1286 nec
254 1227 396 1304 longum
388 1249 419 1285 ιιι
435 1225 533 1286 medio
549 1242 672 1306 tempus,
688 1247 757 1285 cum
772 1227 880 1286 clamor
894 1227 930 1286 ad
944 1247 1025 1286 aures

184 1308 317 1386 pervenit
332 1329 364 1366 ac
377 1308 457 1367 videt
472 1308 640 1385 Euryalum,
657 1327 744 1386 quem
758 1307 815 1365 iarn
830 1327 932 1366 manus
946 1307 1040 1366 omnis

184 1388 285 1447 fraude
300 1388 357 1447 loci
373 1404 402 1448 et
416 1388 519 1461 noetis,
534 1387 630 1446 subito
646 1388 780 1447 turbante
795 1389 933 1461 tumultu,

183 1489 351 1547 oppressum
366 1469 441 1548 rapit
456 1483 485 1528 et
500 1483 657 1528 conantem
672 1468 798 1548 plurima
813 1469 926 1528 frustra.

184 1549 277 1631 quid
269 1549 379 1608 faciat?
399 1569 455 1629 qua
469 1549 497 1608 vi
513 1549 660 1622 iuvenem,
677 1548 781 1627 quibus
796 1549 901 1608 audeat
916 1549 999 1612 armis

184 1626 317 1708 eripere?
337 1651 374 1688 an
389 1650 450 1689 sese
465 1630 576 1690 medios
592 1630 749 1689 moriturus
763 1629 795 1688 in
810 1649 892 1688 enses
1010 1659 1049 1698 ιω

183 1710 287 1770 inferat
302 1725 331 1769 et
344 1711 496 1789 pulchram
511 1726 648 1789 properet
662 1731 714 1789 per
727 1710 848 1769 vulnera
863 1715 1008 1770 mortem?

183 1791 263 1851 ocius
277 1791 404 1850 adducto
421 1807 556 1870 torquens
572 1791 678 1850 hastile
694 1790 812 1862 lacerto,

183 1870 339 1949 suspiciens
354 1874 442 1931 altam
456 1872 582 1943 Lunam,
598 1887 627 1930 et
642 1871 683 1928 sic
698 1889 768 1928 voce
782 1885 936 1947 precatur·

165 1959 221 2023 ‘tu,
237 1951 300 2024 dea,
315 1967 346 2010 tu
361 1972 495 2031 praesens
510 1966 610 2008 nostro
626 1970 761 2009 succurre
776 1950 878 2022 labori,

182 2046 324 2091 astrorum
339 2033 426 2090 decus
440 2045 470 2090 et
484 2051 639 2090 nemorum
654 2029 778 2089 Latonia
791 2046 895 2090 custos.

182 2113 205 2170 si
221 2133 277 2191 qua
291 2111 347 2171 tuis
363 2131 500 2190 umquam
515 2133 568 2191 pro
583 2131 630 2170 me
645 2126 728 2190 pater
742 2111 888 2189 Hyrtacus
902 2111 956 2171 aris

181 2193 259 2252 dona
274 2192 386 2265 tulit,
366 2213 387 2250 st
403 2213 459 2272 qua
473 2192 534 2270 ipse
550 2192 622 2251 meis
636 2192 787 2251 venatibus
802 2192 869 2251 auxi

181 2273 356 2351 suspendive
370 2273 452 2332 tholo
467 2287 516 2332 aut
532 2293 610 2332 sacra
626 2273 662 2332 ad
677 2271 788 2348 fastigia
802 2272 862 2343 fixi,

180 2353 298 2413 hunc
277 2374 340 2413 stne
354 2374 402 2413 me
417 2354 531 2412 turbare
546 2353 666 2430 globum
682 2368 711 2411 et
729 2373 794 2429 rege
810 2355 867 2412 tela
882 2373 933 2431 per
947 2355 1048 2414 auras.’

181 2434 300 2507 dixerat,
316 2448 346 2495 et
360 2449 421 2493 toto
435 2434 556 2494 conixus
571 2454 690 2512 corpore
705 2434 812 2495 ferrum
1010 2463 1050 2502 410

182 2515 314 2575 conicit:
335 2517 416 2574 basta
429 2516 530 2574 volans
545 2515 639 2574 noctis
655 2515 817 2574 diverberat
831 2515 943 2573 umbras

182 2611 212 2656 et
226 2597 307 2656 venit
322 2595 410 2655 aversi
425 2596 456 2654 in
472 2611 584 2673 tergum
602 2595 756 2670 Sulmonis,
770 2595 869 2674 ibique

182 2676 332 2752 frangitur,
347 2699 380 2736 ac
395 2676 459 2736 fisso
474 2677 576 2736 transit
590 2676 758 2755 praecordia
772 2676 861 2752 ligno.

182 2758 309 2817 volvitur
322 2758 373 2817 ille
387 2779 505 2816 vomens
522 2757 648 2818 calidum
664 2758 700 2816 de
714 2773 833 2836 pectore
847 2756 957 2815 flumen

182 2837 311 2915 frigidus,
326 2855 355 2898 et
368 2838 460 2914 longis
475 2839 648 2916 singultibus
663 2838 712 2896 ilia
725 2839 831 2916 pulsat.

182 2918 286 2978 diversi
301 2918 549 2998 circumspiciunt.
592 2921 648 2978 hoe
664 2919 755 2978 acrior
769 2919 848 2978 idem

182 3019 250 3058 ecce
266 2999 344 3058 aliud
358 3020 469 3059 summa
483 3001 575 3060 telum
591 2999 715 3058 librabat
730 3000 765 3058 ab
780 3020 856 3058 aure.

182 3079 253 3139 dum
268 3079 459 3157 trepidant,'
440 3096 474 3139 nt
488 3083 569 3139 hasta
585 3081 668 3156 Tago
682 3100 735 3158 per
751 3095 863 3159 tempus
879 3095 1033 3158 utrumque

76 3217 84 3232 ,
182 3159 315 3231 stridens,
330 3160 507 3240 traiectoque
522 3159 614 3220 haesit
628 3160 774 3254 tepefacta
789 3161 916 3221 cerebro.

183 3240 273 3300 saevit
287 3256 368 3299 atrox
382 3239 511 3302 Volcens
525 3261 596 3301 nec
592 3239 647 3300 teli
663 3241 806 3319 conspicit
821 3261 942 3320 usquam
1009 3269 1050 3308 ιω

153 3374 198 3423 391
217 3363 341 3412 euoluens.
406 3376 455 3423 400
471 3362 496 3409 in
513 3361 599 3410 hostes.
663 3374 738 3424 402·3
755 3378 830 3408 verm
840 3361 933 3424 firtarse
948 3359 1037 3409 excidit.

281 3440 328 3490 403
347 3427 419 3474 altam
431 3428 458 3474 ad
475 3427 576 3474 Lunam.
730 3439 779 3488 412
796 3426 893 3474 adversi.
