2562 4114
412 381 579 430 AENEIDOS
596 381 659 428 LIB.
677 381 727 428 XII

162 512 312 570 Iuturnam
327 510 439 580 misero,
455 511 556 579 fateor,
573 531 736 568 succurrere
751 511 830 569 fratri

161 592 244 664 suasi,
260 607 289 651 et
304 613 356 668 pro
370 591 429 649 vita
443 591 550 648 maiora
565 591 669 649 audere
683 592 801 670 probavi
815 617 824 663 余

161 693 221 730 non
236 687 268 731 ut
283 672 340 730 tela
354 689 461 742 tamen,
476 693 534 730 non
551 688 583 730 ut
598 673 790 731 contenderet
804 693 903 730 arcum
917 698 925 743 余

161 754 260 811 adiuro
276 753 367 830 stygii
383 768 468 830 caput
483 753 656 830 inplacabile
672 753 768 824 fontis,

162 854 219 894 una
234 833 397 911 superstitio
412 833 519 911 superis
535 855 607 913 quae
622 834 734 892 reddita
747 834 827 892 divis.

161 931 190 974 et
204 935 284 972 nunc
299 914 370 972 cedo
386 915 522 992 equidem
536 935 702 993 pugnasque
718 936 802 973 exosa
815 915 958 993 relinquo.

161 995 235 1054 illud
250 1011 288 1065 te,
304 995 384 1054 nulla
399 996 457 1056 fati
467 997 544 1073 quod
558 997 621 1071 lege
637 1011 762 1068 tenetur,

160 1098 212 1154 pro
226 1076 310 1134 Latio
325 1075 460 1147 obtestor,
475 1098 528 1154 pro
542 1077 688 1136 maiestate
703 1092 817 1135 tuorum
832 1099 839 1134 :
989 1094 1027 1134 820

161 1177 228 1216 cum
243 1157 300 1214 iam
315 1157 446 1215 conubiis
461 1177 561 1235 pacem
576 1157 719 1228 felicibus,
734 1172 805 1229 esto,

161 1252 346 1315 component,
362 1258 429 1296 cum
445 1237 502 1295 iam
517 1239 592 1312 leges
607 1254 637 1296 et
652 1239 765 1296 foedera
779 1238 910 1314 iungent,

161 1338 198 1376 ne
213 1335 294 1376 vetus
309 1319 456 1392 indigenas
472 1339 579 1376 nomen
595 1335 704 1376 mutare
722 1319 848 1387 Latinos,

161 1420 218 1458 neu
235 1400 327 1457 Troas
343 1399 402 1456 fieri
417 1397 516 1457 iubeas
532 1400 721 1478 Teucrosque
735 1401 842 1470 vocari,

161 1496 209 1538 aut
223 1499 326 1538 vocem
341 1496 453 1539 mutare
467 1501 542 1538 viros
557 1495 605 1538 aut
619 1496 729 1538 vertere
744 1496 863 1539 vestem.

160 1561 196 1619 sit
211 1561 339 1632 Latium,
354 1560 411 1618 sint
425 1561 533 1618 Albani
547 1582 598 1638 per
613 1562 725 1620 saecula
738 1581 826 1636 reges,

161 1642 196 1700 sit
211 1641 341 1699 Romana
355 1657 459 1719 potens
474 1642 546 1699 Itala
560 1641 666 1700 virtute
680 1662 805 1719 propago
818 1667 827 1712 余

161 1722 276 1794 occidit,
292 1721 491 1800 occideritque
506 1723 579 1780 sinas
594 1743 662 1780 cum
677 1722 796 1780 nomine
811 1720 919 1780 Troia.2

161 1803 211 1860 olli
226 1802 376 1862 subridens
390 1803 544 1861 hominum
559 1823 712 1880 rerumque
726 1817 873 1879 repertor:

162 1905 190 1941 es
204 1903 339 1960 germana
354 1883 429 1940 Iovis
445 1884 618 1960 Saturnique
633 1884 721 1943 altera
734 1883 828 1959 proles
843 1905 849 1940 :
990 1900 1028 1952 830

161 1965 265 2022 irarum
281 1979 374 2022 tantos
388 1963 477 2022 volvis
493 1964 545 2021 sub
560 1979 676 2040 pectore
690 1962 806 2021 fluetus.

160 2065 259 2103 verum
274 2063 324 2119 age
340 2060 369 2102 et
383 2044 535 2121 inceptum
551 2045 653 2103 frustra
668 2043 803 2101 submitte
818 2043 964 2103 furorem:

161 2126 198 2184 do
212 2125 289 2204 quod
303 2125 355 2195 vis,
370 2139 398 2182 et
412 2144 459 2182 me
474 2125 624 2202 victusque
638 2125 796 2202 volensque
811 2124 937 2183 remitto.

161 2226 321 2264 sermonem
335 2205 457 2264 Ausonii
472 2205 596 2284 patrium
611 2225 762 2282 moresque
778 2205 929 2276 tenebunt,

162 2303 251 2366 utque
267 2303 309 2345 est
323 2306 429 2344 nomen
446 2286 522 2354 erit3
544 2285 694 2344 commixti
710 2306 828 2363 corpore
844 2300 957 2344 tantum

161 2367 309 2426 subsident
325 2367 435 2424 Teucri
448 2389 457 2434 余
479 2387 588 2424 morem
603 2366 732 2444 ritusque
747 2386 889 2425 sacrorum

161 2447 282 2506 adiciam
297 2447 458 2525 faciamque
474 2468 574 2505 omnes
590 2468 649 2505 uno
665 2467 714 2505 ore
729 2447 856 2506 Latinos.

160 2529 228 2586 hine
244 2549 334 2605 genus
349 2527 478 2586 Ausonio
494 2528 618 2585 mixtum
634 2528 713 2605 quod
727 2528 864 2604 sanguine
879 2543 986 2604 surget,

161 2630 244 2689 supra
257 2609 399 2681 homines,
414 2630 496 2687 supra
511 2609 552 2667 ire
567 2609 634 2666 deos
649 2609 756 2686 pietate
770 2609 889 2678 videbis,

161 2710 215 2748 nec
230 2711 297 2765 gens
313 2691 372 2748 ulla
388 2705 451 2748 tuos
466 2709 556 2769 aeque
572 2689 729 2748 celebrabit
742 2690 883 2748 honores?
991 2707 1029 2757 840

161 2771 263 2828 adnuit
277 2771 321 2829 his
336 2773 412 2830 Iuno
428 2787 456 2830 et
471 2786 602 2829 mentem
618 2771 722 2830 laetata
736 2771 870 2828 retorsit:

161 2851 271 2910 interea
286 2853 401 2911 excedit
417 2853 496 2911 caelo
512 2852 679 2932 nubemque
693 2851 842 2930 relinquit.

201 2932 245 2990 his
260 2932 330 2991 actis
344 2933 422 2991 aliud
438 2933 565 2991 Genitor
580 2953 678 2992 secum
693 2933 753 3010 ipse
766 2932 885 3001 volutat,

162 3013 371 3092 Iuturnamque
386 3029 465 3092 parat
481 3015 571 3072 fratris
587 3015 733 3073 dimittere
748 3013 784 3071 ab
798 3012 891 3070 armis.

161 3093 299 3152 dicuntur
312 3095 443 3169 geminae
458 3111 551 3172 pestes
566 3095 740 3171 cognomine
755 3091 853 3163 Dirae,

161 3195 229 3252 quas
245 3191 274 3234 et
288 3175 456 3234 Tartaream
472 3175 540 3234 Nor
556 3175 729 3252 intempesta
746 3176 912 3250 Megaeram

162 3275 221 3313 uno
235 3256 393 3335 eodemque
409 3256 476 3314 tulit
490 3271 584 3334 partu,
597 3256 771 3335 paribusque
786 3255 911 3315 revinxit

161 3352 327 3414 serpentum
343 3336 424 3414 spiris
438 3351 624 3415 ventosasque
639 3336 750 3394 addidit
765 3337 830 3397 alas.

162 3417 215 3474 hae
229 3416 304 3474 Iovis
319 3417 355 3486 ad
368 3417 473 3476 solium
488 3417 619 3498 saevique
635 3417 666 3475 iu
681 3417 782 3476 limine
798 3417 870 3492 regis
