<?xml version="1.0" encoding="UTF-8"?>
<!DOCTYPE html PUBLIC "-//W3C//DTD XHTML 1.0 Transitional//EN"
    "http://www.w3.org/TR/xhtml1/DTD/xhtml1-transitional.dtd">
<html xmlns="http://www.w3.org/1999/xhtml" xml:lang="en" lang="en">
 <head>
  <title>
</title>
<meta http-equiv="Content-Type" content="text/html;charset=utf-8" />
  <meta name='ocr-system' content='tesseract 3.04.00' />
  <meta name='ocr-capabilities' content='ocr_page ocr_carea ocr_par ocr_line ocrx_word'/>
</head>
<body>
  <div class='ocr_page' id='page_1' title='image "./bucolicageorgic05virggoog/bucolicageorgic05virggoog_0318.png"; bbox 0 0 2562 4114; ppageno 0'>
   <div class='ocr_carea' id='block_1_1' title="bbox 422 441 1021 509">
    <p class='ocr_par' dir='ltr' id='par_1_1' title="bbox 422 441 1021 509">
     <span class='ocr_line' id='line_1_1' title="bbox 422 441 1021 509; baseline 0.008 -21"><span class='ocrx_word' id='word_1_1' title='bbox 422 441 589 490; x_wconf 71' lang='lat' dir='ltr'>Aruernos</span> <span class='ocrx_word' id='word_1_2' title='bbox 606 441 669 490; x_wconf 82' lang='lat' dir='ltr'>ms.</span> <span class='ocrx_word' id='word_1_3' title='bbox 686 443 724 490; x_wconf 86' lang='lat' dir='ltr'>rx</span> <span class='ocrx_word' id='word_1_4' title='bbox 975 458 1021 509; x_wconf 81' lang='lat'>293</span> 
     </span>
    </p>
   </div>
   <div class='ocr_carea' id='block_1_2' title="bbox 153 572 1064 3551">
    <p class='ocr_par' dir='ltr' id='par_1_2' title="bbox 153 572 1064 3551">
     <span class='ocr_line' id='line_1_2' title="bbox 197 572 1022 648; baseline 0.005 -18"><span class='ocrx_word' id='word_1_5' title='bbox 197 573 343 631; x_wconf 83' lang='lat' dir='ltr'>Pandarus</span> <span class='ocrx_word' id='word_1_6' title='bbox 359 587 388 631; x_wconf 88' lang='lat' dir='ltr'>et</span> <span class='ocrx_word' id='word_1_7' title='bbox 404 572 503 644; x_wconf 88' lang='lat' dir='ltr'>Bitias,</span> <span class='ocrx_word' id='word_1_8' title='bbox 514 573 603 631; x_wconf 88' lang='lat' dir='ltr'>Idaeo</span> <span class='ocrx_word' id='word_1_9' title='bbox 617 573 764 632; x_wconf 86' lang='lat' dir='ltr'>Alcanore</span> <span class='ocrx_word' id='word_1_10' title='bbox 779 575 861 648; x_wconf 89' lang='lat' dir='ltr'>creti,</span> <span class='ocrx_word' id='word_1_11' title='bbox 984 593 1022 644; x_wconf 76' lang='lat'>672</span> 
     </span>
     <span class='ocr_line' id='line_1_3' title="bbox 154 653 761 734; baseline 0.003 -23"><span class='ocrx_word' id='word_1_12' title='bbox 154 674 226 734; x_wconf 89' lang='lat' dir='ltr'>quos</span> <span class='ocrx_word' id='word_1_13' title='bbox 241 653 317 712; x_wconf 87' lang='lat' dir='ltr'>Iovis</span> <span class='ocrx_word' id='word_1_14' title='bbox 333 653 434 712; x_wconf 86' lang='lat' dir='ltr'>eduxit</span> <span class='ocrx_word' id='word_1_15' title='bbox 448 654 515 712; x_wconf 92' lang='lat' dir='ltr'>luco</span> <span class='ocrx_word' id='word_1_16' title='bbox 531 653 665 712; x_wconf 89' lang='lat' dir='ltr'>silvestris</span> <span class='ocrx_word' id='word_1_17' title='bbox 681 656 761 713; x_wconf 89' lang='lat' dir='ltr'>Iaera</span> 
     </span>
     <span class='ocr_line' id='line_1_4' title="bbox 154 733 883 814; baseline 0 -20"><span class='ocrx_word' id='word_1_18' title='bbox 154 733 296 794; x_wconf 88' lang='lat' dir='ltr'>abietibus</span> <span class='ocrx_word' id='word_1_19' title='bbox 312 734 431 793; x_wconf 89' lang='lat' dir='ltr'>iuvenes</span> <span class='ocrx_word' id='word_1_20' title='bbox 445 733 545 812; x_wconf 89' lang='lat' dir='ltr'>patriis</span> <span class='ocrx_word' id='word_1_21' title='bbox 561 749 590 793; x_wconf 93' lang='lat' dir='ltr'>et</span> <span class='ocrx_word' id='word_1_22' title='bbox 605 735 752 794; x_wconf 90' lang='lat' dir='ltr'>montibus</span> <span class='ocrx_word' id='word_1_23' title='bbox 768 756 883 814; x_wconf 86' lang='lat' dir='ltr'>aequos,</span> 
     </span>
     <span class='ocr_line' id='line_1_5' title="bbox 154 814 958 908; baseline 0.004 -35"><span class='ocrx_word' id='word_1_24' title='bbox 154 830 278 894; x_wconf 88' lang='lat' dir='ltr'>portam,</span> <span class='ocrx_word' id='word_1_25' title='bbox 294 835 368 908; x_wconf 91' lang='lat' dir='ltr'>quae</span> <span class='ocrx_word' id='word_1_26' title='bbox 383 815 463 873; x_wconf 89' lang='lat' dir='ltr'>ducis</span> <span class='ocrx_word' id='word_1_27' title='bbox 479 814 602 893; x_wconf 88' lang='lat' dir='ltr'>imperio</span> <span class='ocrx_word' id='word_1_28' title='bbox 619 817 778 889; x_wconf 88' lang='lat' dir='ltr'>commissa,</span> <span class='ocrx_word' id='word_1_29' title='bbox 794 816 958 890; x_wconf 90' lang='lat' dir='ltr'>recludunt,</span> 
     </span>
     <span class='ocr_line' id='line_1_6' title="bbox 154 894 927 974; baseline 0.003 -20"><span class='ocrx_word' id='word_1_30' title='bbox 154 895 222 955; x_wconf 90' lang='lat' dir='ltr'>freti</span> <span class='ocrx_word' id='word_1_31' title='bbox 238 917 331 968; x_wconf 80' lang='lat' dir='ltr'>armrs,</span> <span class='ocrx_word' id='word_1_32' title='bbox 348 895 483 974; x_wconf 91' lang='lat' dir='ltr'>ultroque</span> <span class='ocrx_word' id='word_1_33' title='bbox 498 894 624 955; x_wconf 89' lang='lat' dir='ltr'>invitant</span> <span class='ocrx_word' id='word_1_34' title='bbox 638 896 790 955; x_wconf 89' lang='lat' dir='ltr'>moenibus</span> <span class='ocrx_word' id='word_1_35' title='bbox 804 898 927 958; x_wconf 87' lang='lat' dir='ltr'><strong>hostem.</strong></span> 
     </span>
     <span class='ocr_line' id='line_1_7' title="bbox 154 976 907 1055; baseline 0.004 -21"><span class='ocrx_word' id='word_1_36' title='bbox 154 976 209 1055; x_wconf 86' lang='lat' dir='ltr'>ipsi</span> <span class='ocrx_word' id='word_1_37' title='bbox 224 977 302 1034; x_wconf 90' lang='lat' dir='ltr'>intus</span> <span class='ocrx_word' id='word_1_38' title='bbox 316 976 418 1034; x_wconf 81' lang='lat' dir='ltr'>dextra</span> <span class='ocrx_word' id='word_1_39' title='bbox 432 997 465 1035; x_wconf 93' lang='lat' dir='ltr'>ac</span> <span class='ocrx_word' id='word_1_40' title='bbox 480 977 561 1035; x_wconf 89' lang='lat' dir='ltr'>laeva</span> <span class='ocrx_word' id='word_1_41' title='bbox 574 999 628 1055; x_wconf 93' lang='lat' dir='ltr'>pro</span> <span class='ocrx_word' id='word_1_42' title='bbox 644 978 768 1036; x_wconf 86' lang='lat' dir='ltr'>turribus</span> <span class='ocrx_word' id='word_1_43' title='bbox 783 978 907 1050; x_wconf 86' lang='lat' dir='ltr'>adstant,</span> 
     </span>
     <span class='ocr_line' id='line_1_8' title="bbox 154 1057 827 1136; baseline 0.001 -20"><span class='ocrx_word' id='word_1_44' title='bbox 154 1057 256 1116; x_wconf 90' lang='lat' dir='ltr'>armati</span> <span class='ocrx_word' id='word_1_45' title='bbox 271 1057 351 1122; x_wconf 79' lang='lat' dir='ltr'>ferro¹</span> <span class='ocrx_word' id='word_1_46' title='bbox 363 1073 392 1117; x_wconf 90' lang='lat' dir='ltr'>et</span> <span class='ocrx_word' id='word_1_47' title='bbox 406 1058 500 1116; x_wconf 87' lang='lat' dir='ltr'>cristis</span> <span class='ocrx_word' id='word_1_48' title='bbox 516 1058 612 1136; x_wconf 89' lang='lat' dir='ltr'>capita</span> <span class='ocrx_word' id='word_1_49' title='bbox 627 1058 684 1116; x_wconf 92' lang='lat' dir='ltr'>alta</span> <span class='ocrx_word' id='word_1_50' title='bbox 698 1058 827 1117; x_wconf 87' lang='lat' dir='ltr'>corusci:</span> 
     </span>
     <span class='ocr_line' id='line_1_9' title="bbox 154 1137 788 1217; baseline -0.002 -20"><span class='ocrx_word' id='word_1_51' title='bbox 154 1138 252 1216; x_wconf 87' lang='lat' dir='ltr'>quales</span> <span class='ocrx_word' id='word_1_52' title='bbox 268 1138 359 1196; x_wconf 72' lang='lat' dir='ltr'>aeriae</span> <span class='ocrx_word' id='word_1_53' title='bbox 375 1137 518 1217; x_wconf 86' lang='lat' dir='ltr'>liquentia</span> <span class='ocrx_word' id='word_1_54' title='bbox 533 1137 655 1197; x_wconf 90' lang='lat' dir='ltr'>flumina</span> <span class='ocrx_word' id='word_1_55' title='bbox 669 1139 788 1212; x_wconf 89' lang='lat' dir='ltr'>circum,</span> 
     </span>
     <span class='ocr_line' id='line_1_10' title="bbox 153 1218 1023 1298; baseline 0.001 -21"><span class='ocrx_word' id='word_1_56' title='bbox 153 1219 213 1278; x_wconf 86' lang='lat' dir='ltr'>sive</span> <span class='ocrx_word' id='word_1_57' title='bbox 230 1219 300 1276; x_wconf 89' lang='lat' dir='ltr'>Padi</span> <span class='ocrx_word' id='word_1_58' title='bbox 315 1218 393 1297; x_wconf 87' lang='lat' dir='ltr'>ripis,</span> <span class='ocrx_word' id='word_1_59' title='bbox 408 1218 542 1278; x_wconf 84' lang='lat' dir='ltr'>Athesim</span> <span class='ocrx_word' id='word_1_60' title='bbox 557 1240 606 1278; x_wconf 89' lang='lat' dir='ltr'>seu</span> <span class='ocrx_word' id='word_1_61' title='bbox 621 1235 739 1298; x_wconf 90' lang='lat' dir='ltr'>propter</span> <span class='ocrx_word' id='word_1_62' title='bbox 753 1239 919 1292; x_wconf 90' lang='lat' dir='ltr'>amoenum,</span> <span class='ocrx_word' id='word_1_63' title='bbox 984 1237 1023 1278; x_wconf 77' lang='lat'>⁶80</span> 
     </span>
     <span class='ocr_line' id='line_1_11' title="bbox 153 1299 897 1378; baseline 0 -20"><span class='ocrx_word' id='word_1_64' title='bbox 153 1315 332 1376; x_wconf 85' lang='lat' dir='ltr'>consurgunt</span> <span class='ocrx_word' id='word_1_65' title='bbox 346 1299 478 1375; x_wconf 85' lang='lat' dir='ltr'>geminae</span> <span class='ocrx_word' id='word_1_66' title='bbox 493 1319 615 1378; x_wconf 90' lang='lat' dir='ltr'>quercus</span> <span class='ocrx_word' id='word_1_67' title='bbox 630 1299 803 1378; x_wconf 88' lang='lat' dir='ltr'>intonsaque</span> <span class='ocrx_word' id='word_1_68' title='bbox 818 1302 897 1358; x_wconf 91' lang='lat' dir='ltr'>caelo</span> 
     </span>
     <span class='ocr_line' id='line_1_12' title="bbox 154 1379 832 1458; baseline 0.001 -20"><span class='ocrx_word' id='word_1_69' title='bbox 154 1381 293 1439; x_wconf 91' lang='lat' dir='ltr'>attollunt</span> <span class='ocrx_word' id='word_1_70' title='bbox 307 1380 403 1458; x_wconf 88' lang='lat' dir='ltr'>capita</span> <span class='ocrx_word' id='word_1_71' title='bbox 418 1395 447 1438; x_wconf 92' lang='lat' dir='ltr'>et</span> <span class='ocrx_word' id='word_1_72' title='bbox 462 1379 579 1438; x_wconf 89' lang='lat' dir='ltr'>sublimi</span> <span class='ocrx_word' id='word_1_73' title='bbox 595 1381 703 1439; x_wconf 88' lang='lat' dir='ltr'>vertice</span> <span class='ocrx_word' id='word_1_74' title='bbox 718 1396 832 1440; x_wconf 89' lang='lat' dir='ltr'>nutant.</span> 
     </span>
     <span class='ocr_line' id='line_1_13' title="bbox 153 1459 873 1539; baseline 0.003 -21"><span class='ocrx_word' id='word_1_75' title='bbox 153 1461 326 1538; x_wconf 90' lang='lat' dir='ltr'>inrumpunt</span> <span class='ocrx_word' id='word_1_76' title='bbox 341 1459 434 1519; x_wconf 86' lang='lat' dir='ltr'>aditus</span> <span class='ocrx_word' id='word_1_77' title='bbox 450 1460 554 1519; x_wconf 92' lang='lat' dir='ltr'>Rutuli</span> <span class='ocrx_word' id='word_1_78' title='bbox 571 1476 603 1520; x_wconf 93' lang='lat' dir='ltr'>ut</span> <span class='ocrx_word' id='word_1_79' title='bbox 617 1461 715 1520; x_wconf 88' lang='lat' dir='ltr'>videre</span> <span class='ocrx_word' id='word_1_80' title='bbox 729 1477 873 1539; x_wconf 89' lang='lat' dir='ltr'>patentes.</span> 
     </span>
     <span class='ocr_line' id='line_1_14' title="bbox 153 1540 923 1620; baseline -0.001 -19"><span class='ocrx_word' id='word_1_81' title='bbox 153 1540 296 1601; x_wconf 90' lang='lat' dir='ltr'>continuo</span> <span class='ocrx_word' id='word_1_82' title='bbox 312 1543 464 1620; x_wconf 76' lang='lat' dir='ltr'>Quercens</span> <span class='ocrx_word' id='word_1_83' title='bbox 480 1557 509 1599; x_wconf 93' lang='lat' dir='ltr'>et</span> <span class='ocrx_word' id='word_1_84' title='bbox 524 1541 649 1620; x_wconf 89' lang='lat' dir='ltr'>pulcher</span> <span class='ocrx_word' id='word_1_85' title='bbox 661 1541 824 1620; x_wconf 83' lang='lat' dir='ltr'>Aquiculus</span> <span class='ocrx_word' id='word_1_86' title='bbox 839 1541 923 1600; x_wconf 87' lang='lat' dir='ltr'>armis</span> 
     </span>
     <span class='ocr_line' id='line_1_15' title="bbox 154 1621 957 1700; baseline -0.002 -18"><span class='ocrx_word' id='word_1_87' title='bbox 154 1637 183 1682; x_wconf 88' lang='lat' dir='ltr'>et</span> <span class='ocrx_word' id='word_1_88' title='bbox 196 1643 336 1700; x_wconf 89' lang='lat' dir='ltr'>praeceps</span> <span class='ocrx_word' id='word_1_89' title='bbox 350 1621 438 1681; x_wconf 90' lang='lat' dir='ltr'>animi</span> <span class='ocrx_word' id='word_1_90' title='bbox 454 1622 580 1681; x_wconf 85' lang='lat' dir='ltr'>Tmarus</span> <span class='ocrx_word' id='word_1_91' title='bbox 597 1637 626 1681; x_wconf 93' lang='lat' dir='ltr'>et</span> <span class='ocrx_word' id='word_1_92' title='bbox 642 1622 804 1682; x_wconf 90' lang='lat' dir='ltr'>Mavortius</span> <span class='ocrx_word' id='word_1_93' title='bbox 820 1623 957 1681; x_wconf 89' lang='lat' dir='ltr'>Haemon</span> 
     </span>
     <span class='ocr_line' id='line_1_16' title="bbox 153 1703 768 1779; baseline 0.002 -17"><span class='ocrx_word' id='word_1_94' title='bbox 153 1703 316 1779; x_wconf 83' lang='lat' dir='ltr'>agminibus</span> <span class='ocrx_word' id='word_1_95' title='bbox 330 1703 397 1762; x_wconf 92' lang='lat' dir='ltr'>totis</span> <span class='ocrx_word' id='word_1_96' title='bbox 412 1718 462 1763; x_wconf 92' lang='lat' dir='ltr'>aut</span> <span class='ocrx_word' id='word_1_97' title='bbox 477 1703 550 1762; x_wconf 91' lang='lat' dir='ltr'>versi</span> <span class='ocrx_word' id='word_1_98' title='bbox 567 1719 645 1778; x_wconf 86' lang='lat' dir='ltr'>terga</span> <span class='ocrx_word' id='word_1_99' title='bbox 662 1703 768 1763; x_wconf 86' lang='lat' dir='ltr'>dedere</span> 
     </span>
     <span class='ocr_line' id='line_1_17' title="bbox 153 1783 802 1862; baseline 0.002 -20"><span class='ocrx_word' id='word_1_100' title='bbox 153 1799 203 1843; x_wconf 84' lang='lat' dir='ltr'>aut</span> <span class='ocrx_word' id='word_1_101' title='bbox 216 1784 279 1862; x_wconf 90' lang='lat' dir='ltr'>ipso</span> <span class='ocrx_word' id='word_1_102' title='bbox 293 1801 392 1862; x_wconf 91' lang='lat' dir='ltr'>portae</span> <span class='ocrx_word' id='word_1_103' title='bbox 406 1805 527 1862; x_wconf 85' lang='lat' dir='ltr'>posuere</span> <span class='ocrx_word' id='word_1_104' title='bbox 539 1783 571 1842; x_wconf 92' lang='lat' dir='ltr'>in</span> <span class='ocrx_word' id='word_1_105' title='bbox 586 1783 689 1842; x_wconf 89' lang='lat' dir='ltr'>limine</span> <span class='ocrx_word' id='word_1_106' title='bbox 703 1784 802 1844; x_wconf 88' lang='lat' dir='ltr'>vitam.</span> 
     </span>
     <span class='ocr_line' id='line_1_18' title="bbox 154 1863 906 1941; baseline -0.004 -16"><span class='ocrx_word' id='word_1_107' title='bbox 154 1880 217 1925; x_wconf 92' lang='lat' dir='ltr'>tum</span> <span class='ocrx_word' id='word_1_108' title='bbox 231 1865 320 1941; x_wconf 86' lang='lat' dir='ltr'>magis</span> <span class='ocrx_word' id='word_1_109' title='bbox 334 1864 501 1925; x_wconf 89' lang='lat' dir='ltr'>increscunt</span> <span class='ocrx_word' id='word_1_110' title='bbox 516 1865 621 1924; x_wconf 85' lang='lat' dir='ltr'>animis</span> <span class='ocrx_word' id='word_1_111' title='bbox 635 1864 814 1922; x_wconf 86' lang='lat' dir='ltr'>discordibus</span> <span class='ocrx_word' id='word_1_112' title='bbox 828 1863 906 1934; x_wconf 89' lang='lat' dir='ltr'>irae;</span> 
     </span>
     <span class='ocr_line' id='line_1_19' title="bbox 153 1944 825 2021; baseline -0.001 -17"><span class='ocrx_word' id='word_1_113' title='bbox 153 1962 183 2005; x_wconf 90' lang='lat' dir='ltr'>et</span> <span class='ocrx_word' id='word_1_114' title='bbox 197 1946 254 2004; x_wconf 89' lang='lat' dir='ltr'>iam</span> <span class='ocrx_word' id='word_1_115' title='bbox 268 1945 385 2004; x_wconf 88' lang='lat' dir='ltr'>collecti</span> <span class='ocrx_word' id='word_1_116' title='bbox 401 1946 494 2004; x_wconf 72' lang='lat' dir='ltr'>Troes</span> <span class='ocrx_word' id='word_1_117' title='bbox 509 1946 707 2021; x_wconf 85' lang='lat' dir='ltr'>glomerantur</span> <span class='ocrx_word' id='word_1_118' title='bbox 722 1944 825 2003; x_wconf 89' lang='lat' dir='ltr'>eodem</span> 
     </span>
     <span class='ocr_line' id='line_1_20' title="bbox 153 2024 1022 2103; baseline -0.002 -18"><span class='ocrx_word' id='word_1_119' title='bbox 153 2041 184 2086; x_wconf 90' lang='lat' dir='ltr'>et</span> <span class='ocrx_word' id='word_1_120' title='bbox 198 2025 331 2084; x_wconf 90' lang='lat' dir='ltr'>conferre</span> <span class='ocrx_word' id='word_1_121' title='bbox 346 2045 464 2084; x_wconf 89' lang='lat' dir='ltr'>manum</span> <span class='ocrx_word' id='word_1_122' title='bbox 480 2041 509 2085; x_wconf 90' lang='lat' dir='ltr'>et</span> <span class='ocrx_word' id='word_1_123' title='bbox 522 2045 691 2103; x_wconf 88' lang='lat' dir='ltr'>procurrere</span> <span class='ocrx_word' id='word_1_124' title='bbox 705 2024 819 2100; x_wconf 85' lang='lat' dir='ltr'>longius</span> <span class='ocrx_word' id='word_1_125' title='bbox 834 2024 953 2083; x_wconf 86' lang='lat' dir='ltr'>audent.</span> <span class='ocrx_word' id='word_1_126' title='bbox 984 2042 1022 2093; x_wconf 82' lang='lat'>690</span> 
     </span>
     <span class='ocr_line' id='line_1_21' title="bbox 193 2104 821 2184; baseline -0.003 -20"><span class='ocrx_word' id='word_1_127' title='bbox 193 2105 308 2166; x_wconf 91' lang='lat' dir='ltr'>ductori</span> <span class='ocrx_word' id='word_1_128' title='bbox 323 2106 428 2164; x_wconf 90' lang='lat' dir='ltr'>Turno</span> <span class='ocrx_word' id='word_1_129' title='bbox 443 2105 554 2164; x_wconf 89' lang='lat' dir='ltr'>diversa</span> <span class='ocrx_word' id='word_1_130' title='bbox 569 2105 600 2163; x_wconf 91' lang='lat' dir='ltr'>in</span> <span class='ocrx_word' id='word_1_131' title='bbox 615 2121 697 2184; x_wconf 88' lang='lat' dir='ltr'>parte</span> <span class='ocrx_word' id='word_1_132' title='bbox 711 2104 821 2164; x_wconf 90' lang='lat' dir='ltr'>furenti</span> 
     </span>
     <span class='ocr_line' id='line_1_22' title="bbox 153 2185 862 2265; baseline -0.003 -18"><span class='ocrx_word' id='word_1_133' title='bbox 153 2185 340 2265; x_wconf 89' lang='lat' dir='ltr'>turbantique</span> <span class='ocrx_word' id='word_1_134' title='bbox 355 2186 430 2244; x_wconf 89' lang='lat' dir='ltr'>viros</span> <span class='ocrx_word' id='word_1_135' title='bbox 444 2187 590 2264; x_wconf 89' lang='lat' dir='ltr'>perfertur</span> <span class='ocrx_word' id='word_1_136' title='bbox 604 2185 733 2259; x_wconf 91' lang='lat' dir='ltr'>nuntius,</span> <span class='ocrx_word' id='word_1_137' title='bbox 747 2188 862 2245; x_wconf 86' lang='lat' dir='ltr'>hostem</span> 
     </span>
     <span class='ocr_line' id='line_1_23' title="bbox 153 2266 916 2346; baseline -0.001 -20"><span class='ocrx_word' id='word_1_138' title='bbox 153 2269 264 2326; x_wconf 86' lang='lat' dir='ltr'>fervere</span> <span class='ocrx_word' id='word_1_139' title='bbox 279 2267 366 2326; x_wconf 86' lang='lat' dir='ltr'>caede</span> <span class='ocrx_word' id='word_1_140' title='bbox 382 2286 456 2325; x_wconf 88' lang='lat' dir='ltr'>nova</span> <span class='ocrx_word' id='word_1_141' title='bbox 472 2281 500 2326; x_wconf 90' lang='lat' dir='ltr'>et</span> <span class='ocrx_word' id='word_1_142' title='bbox 513 2282 608 2345; x_wconf 86' lang='lat' dir='ltr'>portas</span> <span class='ocrx_word' id='word_1_143' title='bbox 622 2266 760 2345; x_wconf 87' lang='lat' dir='ltr'>praebere</span> <span class='ocrx_word' id='word_1_144' title='bbox 774 2282 916 2346; x_wconf 91' lang='lat' dir='ltr'>patentes.</span> 
     </span>
     <span class='ocr_line' id='line_1_24' title="bbox 153 2346 857 2426; baseline 0 -21"><span class='ocrx_word' id='word_1_145' title='bbox 153 2348 260 2407; x_wconf 87' lang='lat' dir='ltr'>deserit</span> <span class='ocrx_word' id='word_1_146' title='bbox 274 2347 424 2425; x_wconf 90' lang='lat' dir='ltr'>inceptum</span> <span class='ocrx_word' id='word_1_147' title='bbox 440 2363 526 2426; x_wconf 86' lang='lat' dir='ltr'>atque</span> <span class='ocrx_word' id='word_1_148' title='bbox 541 2346 653 2406; x_wconf 90' lang='lat' dir='ltr'>inmani</span> <span class='ocrx_word' id='word_1_149' title='bbox 669 2346 801 2407; x_wconf 90' lang='lat' dir='ltr'>concitus</span> <span class='ocrx_word' id='word_1_150' title='bbox 816 2348 857 2405; x_wconf 92' lang='lat' dir='ltr'>ira</span> 
     </span>
     <span class='ocr_line' id='line_1_25' title="bbox 153 2428 914 2508; baseline -0.004 -20"><span class='ocrx_word' id='word_1_151' title='bbox 153 2428 331 2488; x_wconf 88' lang='lat' dir='ltr'>Dardaniam</span> <span class='ocrx_word' id='word_1_152' title='bbox 345 2428 404 2487; x_wconf 93' lang='lat' dir='ltr'>ruit</span> <span class='ocrx_word' id='word_1_153' title='bbox 418 2428 454 2486; x_wconf 92' lang='lat' dir='ltr'>ad</span> <span class='ocrx_word' id='word_1_154' title='bbox 467 2444 581 2506; x_wconf 88' lang='lat' dir='ltr'>portam</span> <span class='ocrx_word' id='word_1_155' title='bbox 596 2428 755 2508; x_wconf 88' lang='lat' dir='ltr'>fratresque</span> <span class='ocrx_word' id='word_1_156' title='bbox 770 2428 914 2506; x_wconf 86' lang='lat' dir='ltr'>superbos.</span> 
     </span>
     <span class='ocr_line' id='line_1_26' title="bbox 154 2508 960 2587; baseline -0.001 -20"><span class='ocrx_word' id='word_1_157' title='bbox 154 2525 184 2568; x_wconf 92' lang='lat' dir='ltr'>et</span> <span class='ocrx_word' id='word_1_158' title='bbox 197 2508 325 2586; x_wconf 90' lang='lat' dir='ltr'>primum</span> <span class='ocrx_word' id='word_1_159' title='bbox 338 2509 530 2586; x_wconf 90' lang='lat' dir='ltr'>Antiphaten,</span> <span class='ocrx_word' id='word_1_160' title='bbox 546 2509 569 2567; x_wconf 91' lang='lat' dir='ltr'>is</span> <span class='ocrx_word' id='word_1_161' title='bbox 585 2509 663 2568; x_wconf 87' lang='lat' dir='ltr'>enim</span> <span class='ocrx_word' id='word_1_162' title='bbox 678 2529 707 2568; x_wconf 86' lang='lat' dir='ltr'>se</span> <span class='ocrx_word' id='word_1_163' title='bbox 723 2509 833 2587; x_wconf 89' lang='lat' dir='ltr'>primus</span> <span class='ocrx_word' id='word_1_164' title='bbox 848 2508 960 2584; x_wconf 85' lang='lat' dir='ltr'>agebat,</span> 
     </span>
     <span class='ocr_line' id='line_1_27' title="bbox 155 2588 864 2668; baseline -0.003 -20"><span class='ocrx_word' id='word_1_165' title='bbox 155 2589 299 2648; x_wconf 88' lang='lat' dir='ltr'>Thebana</span> <span class='ocrx_word' id='word_1_166' title='bbox 314 2589 350 2648; x_wconf 92' lang='lat' dir='ltr'>de</span> <span class='ocrx_word' id='word_1_167' title='bbox 365 2605 457 2648; x_wconf 90' lang='lat' dir='ltr'>matre</span> <span class='ocrx_word' id='word_1_168' title='bbox 472 2591 596 2648; x_wconf 89' lang='lat' dir='ltr'>nothum</span> <span class='ocrx_word' id='word_1_169' title='bbox 613 2589 786 2668; x_wconf 89' lang='lat' dir='ltr'>Sarpedonis</span> <span class='ocrx_word' id='word_1_170' title='bbox 801 2588 864 2660; x_wconf 86' lang='lat' dir='ltr'>alti,</span> 
     </span>
     <span class='ocr_line' id='line_1_28' title="bbox 154 2669 838 2739; baseline 0 -11"><span class='ocrx_word' id='word_1_171' title='bbox 154 2669 289 2728; x_wconf 88' lang='lat' dir='ltr'>coniecto</span> <span class='ocrx_word' id='word_1_172' title='bbox 303 2670 405 2729; x_wconf 89' lang='lat' dir='ltr'>sternit</span> <span class='ocrx_word' id='word_1_173' title='bbox 419 2670 514 2730; x_wconf 91' lang='lat' dir='ltr'>iaculo</span> <span class='ocrx_word' id='word_1_174' title='bbox 522 2693 532 2739; x_wconf 83' lang='lat'><em>3</em></span> <span class='ocrx_word' id='word_1_175' title='bbox 553 2671 632 2730; x_wconf 88' lang='lat' dir='ltr'>volat</span> <span class='ocrx_word' id='word_1_176' title='bbox 646 2670 719 2728; x_wconf 90' lang='lat' dir='ltr'>Itala</span> <span class='ocrx_word' id='word_1_177' title='bbox 734 2690 838 2729; x_wconf 87' lang='lat' dir='ltr'>cornus</span> 
     </span>
     <span class='ocr_line' id='line_1_29' title="bbox 154 2749 928 2830; baseline 0 -22"><span class='ocrx_word' id='word_1_178' title='bbox 154 2759 217 2808; x_wconf 70' lang='lat' dir='ltr'>aera</span> <span class='ocrx_word' id='word_1_179' title='bbox 231 2770 282 2827; x_wconf 89' lang='lat' dir='ltr'>per</span> <span class='ocrx_word' id='word_1_180' title='bbox 296 2766 430 2810; x_wconf 89' lang='lat' dir='ltr'>tenerum</span> <span class='ocrx_word' id='word_1_181' title='bbox 445 2753 652 2830; x_wconf 88' lang='lat' dir='ltr'>stomachoque</span> <span class='ocrx_word' id='word_1_182' title='bbox 666 2751 756 2809; x_wconf 84' lang='lat' dir='ltr'>infixa</span> <span class='ocrx_word' id='word_1_183' title='bbox 770 2749 823 2809; x_wconf 87' lang='lat' dir='ltr'>sub</span> <span class='ocrx_word' id='word_1_184' title='bbox 837 2751 928 2808; x_wconf 91' lang='lat' dir='ltr'>altum</span> 
     </span>
     <span class='ocr_line' id='line_1_30' title="bbox 153 2830 1020 2910; baseline -0.002 -20"><span class='ocrx_word' id='word_1_185' title='bbox 153 2845 255 2909; x_wconf 86' lang='lat' dir='ltr'>pectus</span> <span class='ocrx_word' id='word_1_186' title='bbox 270 2831 348 2891; x_wconf 88' lang='lat' dir='ltr'>abit:</span> <span class='ocrx_word' id='word_1_187' title='bbox 368 2831 465 2890; x_wconf 90' lang='lat' dir='ltr'>reddit</span> <span class='ocrx_word' id='word_1_188' title='bbox 479 2852 580 2910; x_wconf 89' lang='lat' dir='ltr'>specus</span> <span class='ocrx_word' id='word_1_189' title='bbox 594 2832 647 2892; x_wconf 90' lang='lat' dir='ltr'>atri</span> <span class='ocrx_word' id='word_1_190' title='bbox 663 2831 790 2890; x_wconf 86' lang='lat' dir='ltr'>vulneris</span> <span class='ocrx_word' id='word_1_191' title='bbox 806 2830 914 2889; x_wconf 92' lang='lat' dir='ltr'>undam</span> <span class='ocrx_word' id='word_1_192' title='bbox 982 2858 1020 2899; x_wconf 87' lang='lat'>700</span> 
     </span>
     <span class='ocr_line' id='line_1_31' title="bbox 154 2911 937 2990; baseline -0.001 -21"><span class='ocrx_word' id='word_1_193' title='bbox 154 2927 347 2989; x_wconf 90' lang='lat' dir='ltr'>spumantem,</span> <span class='ocrx_word' id='word_1_194' title='bbox 363 2926 393 2970; x_wconf 91' lang='lat' dir='ltr'>et</span> <span class='ocrx_word' id='word_1_195' title='bbox 407 2911 465 2970; x_wconf 85' lang='lat' dir='ltr'>fixo</span> <span class='ocrx_word' id='word_1_196' title='bbox 480 2913 588 2970; x_wconf 90' lang='lat' dir='ltr'>ferrum</span> <span class='ocrx_word' id='word_1_197' title='bbox 603 2913 635 2971; x_wconf 88' lang='lat' dir='ltr'>in</span> <span class='ocrx_word' id='word_1_198' title='bbox 649 2913 792 2990; x_wconf 90' lang='lat' dir='ltr'>pulmone</span> <span class='ocrx_word' id='word_1_199' title='bbox 805 2911 937 2988; x_wconf 90' lang='lat' dir='ltr'>tepescit.</span> 
     </span>
     <span class='ocr_line' id='line_1_32' title="bbox 155 2989 1064 3072; baseline 0 -22"><span class='ocrx_word' id='word_1_200' title='bbox 155 3006 218 3051; x_wconf 89' lang='lat' dir='ltr'>tum</span> <span class='ocrx_word' id='word_1_201' title='bbox 242 2989 397 3070; x_wconf 87' lang='lat' dir='ltr'>Meropem</span> <span class='ocrx_word' id='word_1_202' title='bbox 420 3008 506 3072; x_wconf 90' lang='lat' dir='ltr'>atque</span> <span class='ocrx_word' id='word_1_203' title='bbox 530 2993 687 3070; x_wconf 86' lang='lat' dir='ltr'>Erymanta</span> <span class='ocrx_word' id='word_1_204' title='bbox 712 3013 810 3065; x_wconf 90' lang='lat' dir='ltr'>manu,</span> <span class='ocrx_word' id='word_1_205' title='bbox 833 3007 895 3050; x_wconf 91' lang='lat' dir='ltr'>tum</span> <span class='ocrx_word' id='word_1_206' title='bbox 918 2989 1019 3050; x_wconf 87' lang='lat' dir='ltr'>sternit</span> <span class='ocrx_word' id='word_1_207' title='bbox 1062 3023 1064 3028; x_wconf 89' lang='lat'><em>·</em></span> 
     </span>
     <span class='ocr_line' id='line_1_33' title="bbox 234 3073 415 3150; baseline 0.011 -20"><span class='ocrx_word' id='word_1_208' title='bbox 234 3073 415 3150; x_wconf 90' lang='lat' dir='ltr'>Aphidnum,</span> 
     </span>
     <span class='ocr_line' id='line_1_34' title="bbox 155 3153 976 3233; baseline 0.001 -22"><span class='ocrx_word' id='word_1_209' title='bbox 155 3167 218 3212; x_wconf 92' lang='lat' dir='ltr'>tum</span> <span class='ocrx_word' id='word_1_210' title='bbox 233 3153 331 3212; x_wconf 90' lang='lat' dir='ltr'>Bitian</span> <span class='ocrx_word' id='word_1_211' title='bbox 346 3155 497 3214; x_wconf 87' lang='lat' dir='ltr'>ardentem</span> <span class='ocrx_word' id='word_1_212' title='bbox 511 3154 603 3213; x_wconf 89' lang='lat' dir='ltr'>oculis</span> <span class='ocrx_word' id='word_1_213' title='bbox 618 3153 777 3233; x_wconf 83' lang='lat' dir='ltr'>animisque</span> <span class='ocrx_word' id='word_1_214' title='bbox 792 3154 976 3224; x_wconf 87' lang='lat' dir='ltr'>frementem,</span> 
     </span>
     <span class='ocr_line' id='line_1_35' title="bbox 154 3232 990 3313; baseline 0.002 -23"><span class='ocrx_word' id='word_1_215' title='bbox 154 3253 214 3291; x_wconf 88' lang='lat' dir='ltr'>non</span> <span class='ocrx_word' id='word_1_216' title='bbox 229 3233 325 3294; x_wconf 91' lang='lat' dir='ltr'>iaculo</span> <span class='ocrx_word' id='word_1_217' title='bbox 334 3259 344 3306; x_wconf 89' lang='lat'>;</span> <span class='ocrx_word' id='word_1_218' title='bbox 365 3255 460 3313; x_wconf 86' lang='lat' dir='ltr'>neque</span> <span class='ocrx_word' id='word_1_219' title='bbox 475 3235 554 3293; x_wconf 86' lang='lat' dir='ltr'>enim</span> <span class='ocrx_word' id='word_1_220' title='bbox 568 3233 663 3292; x_wconf 91' lang='lat' dir='ltr'>iaculo</span> <span class='ocrx_word' id='word_1_221' title='bbox 677 3232 767 3292; x_wconf 89' lang='lat' dir='ltr'>vitam</span> <span class='ocrx_word' id='word_1_222' title='bbox 781 3233 832 3292; x_wconf 88' lang='lat' dir='ltr'>ille</span> <span class='ocrx_word' id='word_1_223' title='bbox 847 3234 990 3304; x_wconf 82' lang='lat' dir='ltr'>dedisset3</span> 
     </span>
     <span class='ocr_line' id='line_1_36' title="bbox 154 3313 901 3392; baseline 0 -20"><span class='ocrx_word' id='word_1_224' title='bbox 154 3313 204 3372; x_wconf 88' lang='lat' dir='ltr'>sed</span> <span class='ocrx_word' id='word_1_225' title='bbox 219 3334 356 3390; x_wconf 86' lang='lat' dir='ltr'>magnum</span> <span class='ocrx_word' id='word_1_226' title='bbox 370 3316 491 3374; x_wconf 87' lang='lat' dir='ltr'>stridens</span> <span class='ocrx_word' id='word_1_227' title='bbox 506 3329 638 3374; x_wconf 90' lang='lat' dir='ltr'>contorta</span> <span class='ocrx_word' id='word_1_228' title='bbox 651 3314 799 3392; x_wconf 89' lang='lat' dir='ltr'>phalarica</span> <span class='ocrx_word' id='word_1_229' title='bbox 812 3315 901 3388; x_wconf 83' lang='lat' dir='ltr'>venit,</span> 
     </span>
     <span class='ocr_line' id='line_1_37' title="bbox 153 3394 937 3475; baseline 0.001 -23"><span class='ocrx_word' id='word_1_230' title='bbox 153 3394 285 3454; x_wconf 79' lang='lat' dir='ltr'>fulminis</span> <span class='ocrx_word' id='word_1_231' title='bbox 300 3411 364 3456; x_wconf 86' lang='lat' dir='ltr'>acta</span> <span class='ocrx_word' id='word_1_232' title='bbox 379 3397 476 3468; x_wconf 89' lang='lat' dir='ltr'>modo,</span> <span class='ocrx_word' id='word_1_233' title='bbox 492 3416 579 3475; x_wconf 89' lang='lat' dir='ltr'>quam</span> <span class='ocrx_word' id='word_1_234' title='bbox 593 3415 648 3455; x_wconf 89' lang='lat' dir='ltr'>nec</span> <span class='ocrx_word' id='word_1_235' title='bbox 664 3395 724 3454; x_wconf 90' lang='lat' dir='ltr'>duo</span> <span class='ocrx_word' id='word_1_236' title='bbox 738 3411 835 3455; x_wconf 85' lang='lat' dir='ltr'>taurea</span> <span class='ocrx_word' id='word_1_237' title='bbox 850 3410 937 3471; x_wconf 85' lang='lat' dir='ltr'>targa,</span> 
     </span>
     <span class='ocr_line' id='line_1_38' title="bbox 378 3487 821 3551; baseline 0.005 -15"><span class='ocrx_word' id='word_1_238' title='bbox 378 3488 423 3550; x_wconf 84' lang='lat'>678</span> <span class='ocrx_word' id='word_1_239' title='bbox 442 3497 571 3539; x_wconf 75' lang='lat' dir='ltr'>commeant.</span> <span class='ocrx_word' id='word_1_240' title='bbox 636 3487 684 3551; x_wconf 76' lang='lat'>689</span> <span class='ocrx_word' id='word_1_241' title='bbox 701 3487 726 3536; x_wconf 90' lang='lat' dir='ltr'>in</span> <span class='ocrx_word' id='word_1_242' title='bbox 738 3503 821 3538; x_wconf 85' lang='lat' dir='ltr'>unum.</span> 
     </span>
    </p>
   </div>
   <div class='ocr_carea' id='block_1_3' title="bbox 0 50 1286 4114">
    <p class='ocr_par' dir='ltr' id='par_1_3' title="bbox 0 50 1286 4114">
     <span class='ocr_line' id='line_1_39' title="bbox 0 50 1286 4114; baseline 0 0"><span class='ocrx_word' id='word_1_243' title='bbox 0 50 1286 4114; x_wconf 95' lang='lat' dir='ltr'> </span> 
     </span>
    </p>
   </div>
  </div>
 </body>
</html>
