<?xml version="1.0" encoding="UTF-8"?>
<!DOCTYPE html PUBLIC "-//W3C//DTD XHTML 1.0 Transitional//EN"
    "http://www.w3.org/TR/xhtml1/DTD/xhtml1-transitional.dtd">
<html xmlns="http://www.w3.org/1999/xhtml" xml:lang="en" lang="en">
 <head>
  <title>
</title>
<meta http-equiv="Content-Type" content="text/html;charset=utf-8" />
  <meta name='ocr-system' content='tesseract 3.04.00' />
  <meta name='ocr-capabilities' content='ocr_page ocr_carea ocr_par ocr_line ocrx_word'/>
</head>
<body>
  <div class='ocr_page' id='page_1' title='image "./bucolicageorgic05virggoog/bucolicageorgic05virggoog_0186.png"; bbox 0 0 2558 4112; ppageno 0'>
   <div class='ocr_carea' id='block_1_1' title="bbox 399 1111 752 1191">
    <p class='ocr_par' dir='ltr' id='par_1_1' title="bbox 399 1111 752 1191">
     <span class='ocr_line' id='line_1_1' title="bbox 399 1111 752 1191; baseline 0.003 -19"><span class='ocrx_word' id='word_1_1' title='bbox 399 1111 524 1172; x_wconf 76' lang='lat' dir='ltr'><strong>ursan</strong></span> <span class='ocrx_word' id='word_1_2' title='bbox 546 1111 752 1191; x_wconf 78' lang='lat' dir='ltr'><strong>QJAnTus</strong></span> 
     </span>
    </p>
   </div>
   <div class='ocr_carea' id='block_1_2' title="bbox 138 1295 1031 3458">
    <p class='ocr_par' dir='ltr' id='par_1_2' title="bbox 158 1295 787 1372">
     <span class='ocr_line' id='line_1_2' title="bbox 158 1295 787 1372; baseline 0.002 -17"><span class='ocrx_word' id='word_1_3' title='bbox 158 1298 207 1356; x_wconf 77' lang='lat' dir='ltr'><strong>Ar</strong></span> <span class='ocrx_word' id='word_1_4' title='bbox 219 1295 319 1372; x_wconf 83' lang='lat' dir='ltr'><strong>regine</strong></span> <span class='ocrx_word' id='word_1_5' title='bbox 333 1295 412 1372; x_wconf 87' lang='lat' dir='ltr'><strong>gravi</strong></span> <span class='ocrx_word' id='word_1_6' title='bbox 426 1295 594 1355; x_wconf 78' lang='lat' dir='ltr'><strong>iamdudum</strong></span> <span class='ocrx_word' id='word_1_7' title='bbox 610 1296 704 1356; x_wconf 89' lang='lat' dir='ltr'><strong>saucia</strong></span> <span class='ocrx_word' id='word_1_8' title='bbox 719 1317 787 1356; x_wconf 79' lang='lat' dir='ltr'><strong>cure</strong></span> 
     </span>
    </p>

    <p class='ocr_par' dir='ltr' id='par_1_3' title="bbox 159 1376 812 1455">
     <span class='ocr_line' id='line_1_3' title="bbox 159 1376 812 1455; baseline 0.002 -19"><span class='ocrx_word' id='word_1_9' title='bbox 159 1378 265 1436; x_wconf 90' lang='lat' dir='ltr'><strong>vulnus</strong></span> <span class='ocrx_word' id='word_1_10' title='bbox 281 1377 334 1436; x_wconf 84' lang='lat' dir='ltr'><strong>alit</strong></span> <span class='ocrx_word' id='word_1_11' title='bbox 348 1376 440 1450; x_wconf 87' lang='lat' dir='ltr'><strong>venis,</strong></span> <span class='ocrx_word' id='word_1_12' title='bbox 456 1392 486 1436; x_wconf 93' lang='lat' dir='ltr'><strong>et</strong></span> <span class='ocrx_word' id='word_1_13' title='bbox 500 1397 587 1435; x_wconf 88' lang='lat' dir='ltr'><strong>caeco</strong></span> <span class='ocrx_word' id='word_1_14' title='bbox 602 1377 729 1455; x_wconf 83' lang='lat' dir='ltr'>carpitur</span> <span class='ocrx_word' id='word_1_15' title='bbox 742 1377 812 1454; x_wconf 86' lang='lat' dir='ltr'><strong>igni.</strong></span> 
     </span>
    </p>

    <p class='ocr_par' dir='ltr' id='par_1_4' title="bbox 160 1457 871 1537">
     <span class='ocr_line' id='line_1_4' title="bbox 160 1457 871 1537; baseline 0.001 -20"><span class='ocrx_word' id='word_1_16' title='bbox 160 1458 254 1518; x_wconf 84' lang='lat' dir='ltr'><strong>multa</strong></span> <span class='ocrx_word' id='word_1_17' title='bbox 268 1457 322 1516; x_wconf 88' lang='lat' dir='ltr'><strong>viri</strong></span> <span class='ocrx_word' id='word_1_18' title='bbox 336 1457 426 1516; x_wconf 87' lang='lat' dir='ltr'><strong>virtus</strong></span> <span class='ocrx_word' id='word_1_19' title='bbox 441 1457 548 1531; x_wconf 78' lang='lat' dir='ltr'><strong>animo,</strong></span> <span class='ocrx_word' id='word_1_20' title='bbox 564 1459 730 1537; x_wconf 87' lang='lat' dir='ltr'><strong>multusque</strong></span> <span class='ocrx_word' id='word_1_21' title='bbox 744 1474 871 1518; x_wconf 87' lang='lat' dir='ltr'><strong>recursat</strong></span> 
     </span>
    </p>

    <p class='ocr_par' dir='ltr' id='par_1_5' title="bbox 159 1538 865 1617">
     <span class='ocr_line' id='line_1_5' title="bbox 159 1538 865 1617; baseline -0.001 -18"><span class='ocrx_word' id='word_1_22' title='bbox 159 1539 254 1616; x_wconf 87' lang='lat' dir='ltr'><strong>gentis</strong></span> <span class='ocrx_word' id='word_1_23' title='bbox 268 1541 381 1609; x_wconf 91' lang='lat' dir='ltr'><strong>honos;</strong></span> <span class='ocrx_word' id='word_1_24' title='bbox 401 1539 524 1598; x_wconf 81' lang='lat' dir='ltr'>haerent</span> <span class='ocrx_word' id='word_1_25' title='bbox 538 1538 620 1598; x_wconf 86' lang='lat' dir='ltr'><strong>infixi</strong></span> <span class='ocrx_word' id='word_1_26' title='bbox 634 1554 754 1617; x_wconf 88' lang='lat' dir='ltr'>pectore</span> <span class='ocrx_word' id='word_1_27' title='bbox 767 1541 865 1599; x_wconf 89' lang='lat' dir='ltr'><strong>vultus</strong></span> 
     </span>
    </p>

    <p class='ocr_par' dir='ltr' id='par_1_6' title="bbox 159 1619 1000 1700">
     <span class='ocr_line' id='line_1_6' title="bbox 159 1619 1000 1700; baseline 0.005 -22"><span class='ocrx_word' id='word_1_28' title='bbox 159 1621 315 1699; x_wconf 88' lang='lat' dir='ltr'><strong>verbaque,</strong></span> <span class='ocrx_word' id='word_1_29' title='bbox 331 1640 385 1679; x_wconf 89' lang='lat' dir='ltr'><strong>nec</strong></span> <span class='ocrx_word' id='word_1_30' title='bbox 400 1619 546 1698; x_wconf 84' lang='lat' dir='ltr'><strong>placidam</strong></span> <span class='ocrx_word' id='word_1_31' title='bbox 560 1619 697 1678; x_wconf 83' lang='lat' dir='ltr'><strong>membris</strong></span> <span class='ocrx_word' id='word_1_32' title='bbox 712 1620 762 1679; x_wconf 83' lang='lat' dir='ltr'><strong>det</strong></span> <span class='ocrx_word' id='word_1_33' title='bbox 775 1641 844 1679; x_wconf 79' lang='lat' dir='ltr'><strong>cure</strong></span> <span class='ocrx_word' id='word_1_34' title='bbox 859 1621 1000 1700; x_wconf 88' lang='lat' dir='ltr'><strong>quietem.</strong></span> 
     </span>
    </p>

    <p class='ocr_par' dir='ltr' id='par_1_7' title="bbox 158 1700 829 1780">
     <span class='ocr_line' id='line_1_7' title="bbox 158 1700 829 1780; baseline 0 -22"><span class='ocrx_word' id='word_1_35' title='bbox 158 1716 273 1780; x_wconf 87' lang='lat' dir='ltr'><strong>postera</strong></span> <span class='ocrx_word' id='word_1_36' title='bbox 290 1700 425 1760; x_wconf 89' lang='lat' dir='ltr'><strong>Phoebea</strong></span> <span class='ocrx_word' id='word_1_37' title='bbox 440 1702 579 1760; x_wconf 84' lang='lat' dir='ltr'><strong>lustrabat</strong></span> <span class='ocrx_word' id='word_1_38' title='bbox 593 1701 728 1778; x_wconf 85' lang='lat' dir='ltr'><strong>lampade</strong></span> <span class='ocrx_word' id='word_1_39' title='bbox 743 1716 829 1759; x_wconf 88' lang='lat' dir='ltr'><strong>terras</strong></span> 
     </span>
    </p>

    <p class='ocr_par' dir='ltr' id='par_1_8' title="bbox 158 1780 911 1862">
     <span class='ocr_line' id='line_1_8' title="bbox 158 1780 911 1862; baseline 0 -22"><span class='ocrx_word' id='word_1_40' title='bbox 158 1796 370 1862; x_wconf 88' lang='lat' dir='ltr'><strong>umentemque</strong></span> <span class='ocrx_word' id='word_1_41' title='bbox 384 1783 495 1840; x_wconf 87' lang='lat' dir='ltr'><strong>Aurora</strong></span> <span class='ocrx_word' id='word_1_42' title='bbox 509 1781 579 1859; x_wconf 91' lang='lat' dir='ltr'><strong>polo</strong></span> <span class='ocrx_word' id='word_1_43' title='bbox 594 1780 755 1838; x_wconf 85' lang='lat' dir='ltr'><strong>dimoverat</strong></span> <span class='ocrx_word' id='word_1_44' title='bbox 769 1781 911 1852; x_wconf 90' lang='lat' dir='ltr'><strong>umbram,</strong></span> 
     </span>
    </p>

    <p class='ocr_par' dir='ltr' id='par_1_9' title="bbox 138 1860 986 2020">
     <span class='ocr_line' id='line_1_9' title="bbox 159 1860 982 1939; baseline 0.001 -18"><span class='ocrx_word' id='word_1_45' title='bbox 159 1883 228 1922; x_wconf 89' lang='lat' dir='ltr'><strong>cum</strong></span> <span class='ocrx_word' id='word_1_46' title='bbox 242 1861 283 1920; x_wconf 90' lang='lat' dir='ltr'><strong>sic</strong></span> <span class='ocrx_word' id='word_1_47' title='bbox 298 1862 468 1920; x_wconf 86' lang='lat' dir='ltr'><strong>unanimam</strong></span> <span class='ocrx_word' id='word_1_48' title='bbox 484 1860 651 1939; x_wconf 88' lang='lat' dir='ltr'><strong>adloquitur</strong></span> <span class='ocrx_word' id='word_1_49' title='bbox 664 1860 741 1918; x_wconf 88' lang='lat' dir='ltr'><strong>male</strong></span> <span class='ocrx_word' id='word_1_50' title='bbox 756 1881 824 1919; x_wconf 85' lang='lat' dir='ltr'><strong>sana</strong></span> <span class='ocrx_word' id='word_1_51' title='bbox 838 1882 982 1922; x_wconf 89' lang='lat' dir='ltr'><strong>sororem:</strong></span> 
     </span>
     <span class='ocr_line' id='line_1_10' title="bbox 138 1939 986 2020; baseline 0.002 -19"><span class='ocrx_word' id='word_1_52' title='bbox 138 1944 246 2002; x_wconf 87' lang='lat' dir='ltr'><strong>‘Anna</strong></span> <span class='ocrx_word' id='word_1_53' title='bbox 261 1963 348 2014; x_wconf 85' lang='lat' dir='ltr'><strong>soror,</strong></span> <span class='ocrx_word' id='word_1_54' title='bbox 363 1962 437 2020; x_wconf 82' lang='lat' dir='ltr'><strong>quae</strong></span> <span class='ocrx_word' id='word_1_55' title='bbox 452 1961 500 2000; x_wconf 90' lang='lat' dir='ltr'><strong>me</strong></span> <span class='ocrx_word' id='word_1_56' title='bbox 515 1960 680 2018; x_wconf 82' lang='lat' dir='ltr'><strong>suspensam</strong></span> <span class='ocrx_word' id='word_1_57' title='bbox 695 1939 840 2000; x_wconf 81' lang='lat' dir='ltr'><strong>insomnia</strong></span> <span class='ocrx_word' id='word_1_58' title='bbox 856 1945 986 2003; x_wconf 88' lang='lat' dir='ltr'><strong>terrent!</strong></span> 
     </span>
    </p>

    <p class='ocr_par' dir='ltr' id='par_1_10' title="bbox 158 2020 1031 2103">
     <span class='ocr_line' id='line_1_11' title="bbox 158 2020 1031 2103; baseline 0 -21"><span class='ocrx_word' id='word_1_59' title='bbox 158 2023 223 2103; x_wconf 90' lang='lat' dir='ltr'><strong>quis</strong></span> <span class='ocrx_word' id='word_1_60' title='bbox 238 2044 331 2082; x_wconf 91' lang='lat' dir='ltr'><strong>novus</strong></span> <span class='ocrx_word' id='word_1_61' title='bbox 344 2021 393 2080; x_wconf 92' lang='lat' dir='ltr'><strong>hic</strong></span> <span class='ocrx_word' id='word_1_62' title='bbox 408 2021 512 2080; x_wconf 87' lang='lat' dir='ltr'><strong>nostris</strong></span> <span class='ocrx_word' id='word_1_63' title='bbox 528 2020 663 2079; x_wconf 86' lang='lat' dir='ltr'><strong>successit</strong></span> <span class='ocrx_word' id='word_1_64' title='bbox 676 2020 791 2080; x_wconf 89' lang='lat' dir='ltr'><strong>sedibus</strong></span> <span class='ocrx_word' id='word_1_65' title='bbox 805 2023 928 2102; x_wconf 88' lang='lat' dir='ltr'><strong>hospes!</strong></span> <span class='ocrx_word' id='word_1_66' title='bbox 1006 2054 1031 2082; x_wconf 79' lang='grc' dir='ltr'><strong>ιο</strong></span> 
     </span>
    </p>

    <p class='ocr_par' dir='ltr' id='par_1_11' title="bbox 157 2101 1008 2184">
     <span class='ocr_line' id='line_1_12' title="bbox 157 2101 1008 2184; baseline 0.002 -22"><span class='ocrx_word' id='word_1_67' title='bbox 157 2124 248 2184; x_wconf 90' lang='lat' dir='ltr'><strong>quem</strong></span> <span class='ocrx_word' id='word_1_68' title='bbox 263 2123 324 2160; x_wconf 88' lang='lat' dir='ltr'><strong>sese</strong></span> <span class='ocrx_word' id='word_1_69' title='bbox 338 2121 387 2160; x_wconf 89' lang='lat' dir='ltr'><strong>ore</strong></span> <span class='ocrx_word' id='word_1_70' title='bbox 402 2101 497 2159; x_wconf 89' lang='lat' dir='ltr'><strong>ferens</strong></span> <span class='ocrx_word' id='word_1_71' title='bbox 511 2101 527 2169; x_wconf 56' lang='lat'><strong>!„</strong></span> <span class='ocrx_word' id='word_1_72' title='bbox 540 2121 628 2180; x_wconf 88' lang='lat' dir='ltr'><strong>quam</strong></span> <span class='ocrx_word' id='word_1_73' title='bbox 642 2101 710 2160; x_wconf 89' lang='lat' dir='ltr'><strong>forti</strong></span> <span class='ocrx_word' id='word_1_74' title='bbox 725 2119 844 2180; x_wconf 89' lang='lat' dir='ltr'><strong>pectore</strong></span> <span class='ocrx_word' id='word_1_75' title='bbox 861 2120 890 2163; x_wconf 89' lang='lat' dir='ltr'><strong>et</strong></span> <span class='ocrx_word' id='word_1_76' title='bbox 903 2104 1008 2165; x_wconf 87' lang='lat' dir='ltr'><strong>armis!</strong></span> 
     </span>
    </p>

    <p class='ocr_par' dir='ltr' id='par_1_12' title="bbox 157 2181 996 2261">
     <span class='ocr_line' id='line_1_13' title="bbox 157 2181 996 2261; baseline 0.002 -19"><span class='ocrx_word' id='word_1_77' title='bbox 157 2184 249 2244; x_wconf 90' lang='lat' dir='ltr'><strong>credo</strong></span> <span class='ocrx_word' id='word_1_78' title='bbox 263 2181 410 2261; x_wconf 87' lang='lat' dir='ltr'><strong>equidem,</strong></span> <span class='ocrx_word' id='word_1_79' title='bbox 425 2201 480 2240; x_wconf 89' lang='lat' dir='ltr'><strong>nec</strong></span> <span class='ocrx_word' id='word_1_80' title='bbox 495 2201 568 2239; x_wconf 86' lang='lat' dir='ltr'><strong>vana</strong></span> <span class='ocrx_word' id='word_1_81' title='bbox 583 2181 663 2254; x_wconf 89' lang='lat' dir='ltr'><strong>fides,</strong></span> <span class='ocrx_word' id='word_1_82' title='bbox 677 2202 767 2258; x_wconf 85' lang='lat' dir='ltr'><strong>genus</strong></span> <span class='ocrx_word' id='word_1_83' title='bbox 783 2203 842 2243; x_wconf 88' lang='lat' dir='ltr'><strong>esse</strong></span> <span class='ocrx_word' id='word_1_84' title='bbox 856 2185 996 2244; x_wconf 88' lang='lat' dir='ltr'><strong>deorum:</strong></span> 
     </span>
    </p>

    <p class='ocr_par' dir='ltr' id='par_1_13' title="bbox 157 2261 995 2342">
     <span class='ocr_line' id='line_1_14' title="bbox 157 2261 995 2342; baseline 0.001 -19"><span class='ocrx_word' id='word_1_85' title='bbox 157 2265 318 2340; x_wconf 83' lang='lat' dir='ltr'><strong>degeneres</strong></span> <span class='ocrx_word' id='word_1_86' title='bbox 333 2262 444 2321; x_wconf 90' lang='lat' dir='ltr'><strong>animos</strong></span> <span class='ocrx_word' id='word_1_87' title='bbox 460 2261 546 2320; x_wconf 88' lang='lat' dir='ltr'><strong>timor</strong></span> <span class='ocrx_word' id='word_1_88' title='bbox 560 2262 662 2338; x_wconf 78' lang='lat' dir='ltr'><strong>arguit.</strong></span> <span class='ocrx_word' id='word_1_89' title='bbox 702 2264 771 2336; x_wconf 89' lang='lat' dir='ltr'><strong>heu,</strong></span> <span class='ocrx_word' id='word_1_90' title='bbox 786 2264 889 2342; x_wconf 89' lang='lat' dir='ltr'><strong>quibus</strong></span> <span class='ocrx_word' id='word_1_91' title='bbox 905 2266 956 2324; x_wconf 91' lang='lat' dir='ltr'><strong>ille</strong></span> <span class='ocrx_word' id='word_1_92' title='bbox 992 2271 995 2280; x_wconf 72' lang='grc'><em>“</em></span> 
     </span>
    </p>

    <p class='ocr_par' dir='ltr' id='par_1_14' title="bbox 158 2341 887 2422">
     <span class='ocr_line' id='line_1_15' title="bbox 158 2341 887 2422; baseline -0.003 -17"><span class='ocrx_word' id='word_1_93' title='bbox 158 2346 282 2405; x_wconf 89' lang='lat' dir='ltr'><strong>iactatus</strong></span> <span class='ocrx_word' id='word_1_94' title='bbox 295 2341 384 2403; x_wconf 81' lang='lat' dir='ltr'><strong>fatis!</strong></span> <span class='ocrx_word' id='word_1_95' title='bbox 408 2363 482 2422; x_wconf 75' lang='lat' dir='ltr'><strong>quae</strong></span> <span class='ocrx_word' id='word_1_96' title='bbox 497 2343 576 2402; x_wconf 88' lang='lat' dir='ltr'><strong>bella</strong></span> <span class='ocrx_word' id='word_1_97' title='bbox 592 2343 729 2403; x_wconf 85' lang='lat' dir='ltr'><strong>exhausta</strong></span> <span class='ocrx_word' id='word_1_98' title='bbox 744 2345 887 2403; x_wconf 86' lang='lat' dir='ltr'><strong>canebat!</strong></span> 
     </span>
    </p>

    <p class='ocr_par' dir='ltr' id='par_1_15' title="bbox 159 2422 916 2503">
     <span class='ocr_line' id='line_1_16' title="bbox 159 2422 916 2503; baseline -0.001 -18"><span class='ocrx_word' id='word_1_99' title='bbox 159 2426 183 2486; x_wconf 85' lang='lat' dir='ltr'><strong>si</strong></span> <span class='ocrx_word' id='word_1_100' title='bbox 198 2424 271 2484; x_wconf 90' lang='lat' dir='ltr'><strong>mihi</strong></span> <span class='ocrx_word' id='word_1_101' title='bbox 286 2443 347 2482; x_wconf 89' lang='lat' dir='ltr'><strong>non</strong></span> <span class='ocrx_word' id='word_1_102' title='bbox 363 2423 462 2483; x_wconf 90' lang='lat' dir='ltr'><strong>animo</strong></span> <span class='ocrx_word' id='word_1_103' title='bbox 479 2422 569 2484; x_wconf 83' lang='lat' dir='ltr'><strong>fixum</strong></span> <span class='ocrx_word' id='word_1_104' title='bbox 584 2424 788 2503; x_wconf 90' lang='lat' dir='ltr'><strong>inmotumque</strong></span> <span class='ocrx_word' id='word_1_105' title='bbox 802 2425 916 2484; x_wconf 87' lang='lat' dir='ltr'><strong>sederet</strong></span> 
     </span>
    </p>

    <p class='ocr_par' dir='ltr' id='par_1_16' title="bbox 160 2504 799 2581">
     <span class='ocr_line' id='line_1_17' title="bbox 160 2504 799 2581; baseline -0.005 -14"><span class='ocrx_word' id='word_1_106' title='bbox 160 2527 199 2567; x_wconf 90' lang='lat' dir='ltr'><strong>ne</strong></span> <span class='ocrx_word' id='word_1_107' title='bbox 214 2506 261 2566; x_wconf 92' lang='lat' dir='ltr'><strong>cui</strong></span> <span class='ocrx_word' id='word_1_108' title='bbox 276 2525 324 2564; x_wconf 89' lang='lat' dir='ltr'><strong>me</strong></span> <span class='ocrx_word' id='word_1_109' title='bbox 338 2504 439 2564; x_wconf 87' lang='lat' dir='ltr'><strong>vinclo</strong></span> <span class='ocrx_word' id='word_1_110' title='bbox 453 2506 562 2564; x_wconf 84' lang='lat' dir='ltr'><strong>vellem</strong></span> <span class='ocrx_word' id='word_1_111' title='bbox 578 2505 686 2564; x_wconf 84' lang='lat' dir='ltr'><strong>sociare</strong></span> <span class='ocrx_word' id='word_1_112' title='bbox 701 2505 799 2581; x_wconf 88' lang='lat' dir='ltr'><strong>iugali,</strong></span> 
     </span>
    </p>

    <p class='ocr_par' dir='ltr' id='par_1_17' title="bbox 159 2586 952 2668">
     <span class='ocr_line' id='line_1_18' title="bbox 159 2586 952 2668; baseline -0.001 -21"><span class='ocrx_word' id='word_1_113' title='bbox 159 2604 312 2668; x_wconf 88' lang='lat' dir='ltr'><strong>postquam</strong></span> <span class='ocrx_word' id='word_1_114' title='bbox 326 2587 437 2666; x_wconf 89' lang='lat' dir='ltr'><strong>primus</strong></span> <span class='ocrx_word' id='word_1_115' title='bbox 452 2605 532 2645; x_wconf 87' lang='lat' dir='ltr'><strong>arnor</strong></span> <span class='ocrx_word' id='word_1_116' title='bbox 546 2586 701 2665; x_wconf 89' lang='lat' dir='ltr'><strong>deceptam</strong></span> <span class='ocrx_word' id='word_1_117' title='bbox 715 2603 808 2646; x_wconf 90' lang='lat' dir='ltr'><strong>morte</strong></span> <span class='ocrx_word' id='word_1_118' title='bbox 823 2586 952 2657; x_wconf 83' lang='lat' dir='ltr'><strong>fefellit3</strong></span> 
     </span>
    </p>

    <p class='ocr_par' dir='ltr' id='par_1_18' title="bbox 160 2666 875 2747">
     <span class='ocr_line' id='line_1_19' title="bbox 160 2666 875 2747; baseline -0.001 -20"><span class='ocrx_word' id='word_1_119' title='bbox 160 2670 258 2728; x_wconf 90' lang='lat' dir='ltr'><strong>sinon</strong></span> <span class='ocrx_word' id='word_1_120' title='bbox 274 2683 438 2747; x_wconf 86' lang='lat' dir='ltr'><strong>pertaesum</strong></span> <span class='ocrx_word' id='word_1_121' title='bbox 454 2667 574 2726; x_wconf 86' lang='lat' dir='ltr'><strong>thalami</strong></span> <span class='ocrx_word' id='word_1_122' title='bbox 590 2668 750 2747; x_wconf 87' lang='lat' dir='ltr'><strong>taedaeque</strong></span> <span class='ocrx_word' id='word_1_123' title='bbox 765 2666 875 2741; x_wconf 85' lang='lat' dir='ltr'><strong>fuisset,</strong></span> 
     </span>
    </p>

    <p class='ocr_par' dir='ltr' id='par_1_19' title="bbox 160 2749 837 2828">
     <span class='ocr_line' id='line_1_20' title="bbox 160 2749 837 2828; baseline 0 -20"><span class='ocrx_word' id='word_1_124' title='bbox 160 2750 229 2810; x_wconf 92' lang='lat' dir='ltr'><strong>huic</strong></span> <span class='ocrx_word' id='word_1_125' title='bbox 245 2750 296 2808; x_wconf 90' lang='lat' dir='ltr'><strong>uni</strong></span> <span class='ocrx_word' id='word_1_126' title='bbox 311 2751 407 2809; x_wconf 78' lang='lat' dir='ltr'><strong>forsan</strong></span> <span class='ocrx_word' id='word_1_127' title='bbox 422 2749 505 2828; x_wconf 91' lang='lat' dir='ltr'><strong>potui</strong></span> <span class='ocrx_word' id='word_1_128' title='bbox 521 2750 708 2809; x_wconf 84' lang='lat' dir='ltr'><strong>succumbere</strong></span> <span class='ocrx_word' id='word_1_129' title='bbox 724 2749 837 2828; x_wconf 84' lang='lat' dir='ltr'><strong>culpae.</strong></span> 
     </span>
    </p>

    <p class='ocr_par' dir='ltr' id='par_1_20' title="bbox 160 2827 1031 2909">
     <span class='ocr_line' id='line_1_21' title="bbox 160 2827 1031 2909; baseline -0.002 -19"><span class='ocrx_word' id='word_1_130' title='bbox 160 2831 403 2890; x_wconf 80' lang='lat' dir='ltr'><strong>Anne—fatebor</strong></span> <span class='ocrx_word' id='word_1_131' title='bbox 418 2829 635 2890; x_wconf 88' lang='lat' dir='ltr'><strong>enim-miseri</strong></span> <span class='ocrx_word' id='word_1_132' title='bbox 649 2845 715 2909; x_wconf 89' lang='lat' dir='ltr'><strong>post</strong></span> <span class='ocrx_word' id='word_1_133' title='bbox 729 2830 788 2888; x_wconf 89' lang='lat' dir='ltr'><strong>fata</strong></span> <span class='ocrx_word' id='word_1_134' title='bbox 803 2827 925 2907; x_wconf 87' lang='lat' dir='ltr'><strong>Sychaei</strong></span> <span class='ocrx_word' id='word_1_135' title='bbox 1006 2859 1031 2888; x_wconf 73' lang='grc' dir='ltr'>ω</span> 
     </span>
    </p>

    <p class='ocr_par' dir='ltr' id='par_1_21' title="bbox 161 2910 853 2990">
     <span class='ocr_line' id='line_1_22' title="bbox 161 2910 853 2990; baseline -0.004 -20"><span class='ocrx_word' id='word_1_136' title='bbox 161 2910 291 2988; x_wconf 88' lang='lat' dir='ltr'><strong>coniugis</strong></span> <span class='ocrx_word' id='word_1_137' title='bbox 306 2926 336 2971; x_wconf 91' lang='lat' dir='ltr'><strong>et</strong></span> <span class='ocrx_word' id='word_1_138' title='bbox 350 2931 458 2990; x_wconf 88' lang='lat' dir='ltr'><strong>sparsos</strong></span> <span class='ocrx_word' id='word_1_139' title='bbox 474 2911 600 2971; x_wconf 82' lang='lat' dir='ltr'><strong>fraterna</strong></span> <span class='ocrx_word' id='word_1_140' title='bbox 615 2911 705 2970; x_wconf 90' lang='lat' dir='ltr'><strong>caede</strong></span> <span class='ocrx_word' id='word_1_141' title='bbox 721 2910 853 2983; x_wconf 89' lang='lat' dir='ltr'><strong>Penates,</strong></span> 
     </span>
    </p>

    <p class='ocr_par' dir='ltr' id='par_1_22' title="bbox 161 2991 920 3070">
     <span class='ocr_line' id='line_1_23' title="bbox 161 2991 920 3070; baseline 0 -20"><span class='ocrx_word' id='word_1_142' title='bbox 161 2993 236 3050; x_wconf 84' lang='lat' dir='ltr'><strong>solus</strong></span> <span class='ocrx_word' id='word_1_143' title='bbox 250 2992 300 3051; x_wconf 87' lang='lat' dir='ltr'><strong>bic</strong></span> <span class='ocrx_word' id='word_1_144' title='bbox 315 2991 430 3050; x_wconf 84' lang='lat' dir='ltr'><strong>inflexit</strong></span> <span class='ocrx_word' id='word_1_145' title='bbox 445 3012 552 3064; x_wconf 90' lang='lat' dir='ltr'><strong>sensus,</strong></span> <span class='ocrx_word' id='word_1_146' title='bbox 568 2992 757 3070; x_wconf 90' lang='lat' dir='ltr'><strong>animumque</strong></span> <span class='ocrx_word' id='word_1_147' title='bbox 773 2991 920 3050; x_wconf 87' lang='lat' dir='ltr'><strong>labantem</strong></span> 
     </span>
    </p>

    <p class='ocr_par' dir='ltr' id='par_1_23' title="bbox 160 3070 865 3150">
     <span class='ocr_line' id='line_1_24' title="bbox 160 3070 865 3150; baseline 0.001 -20"><span class='ocrx_word' id='word_1_148' title='bbox 160 3071 288 3150; x_wconf 89' lang='lat' dir='ltr'><strong>inpulit:</strong></span> <span class='ocrx_word' id='word_1_149' title='bbox 310 3073 454 3149; x_wconf 88' lang='lat' dir='ltr'><strong>adgnosco</strong></span> <span class='ocrx_word' id='word_1_150' title='bbox 469 3072 573 3131; x_wconf 90' lang='lat' dir='ltr'><strong>veteris</strong></span> <span class='ocrx_word' id='word_1_151' title='bbox 588 3072 707 3148; x_wconf 89' lang='lat' dir='ltr'><strong>vestigia</strong></span> <span class='ocrx_word' id='word_1_152' title='bbox 722 3070 865 3131; x_wconf 85' lang='lat' dir='ltr'><strong>flammae.</strong></span> 
     </span>
    </p>

    <p class='ocr_par' dir='ltr' id='par_1_24' title="bbox 160 3151 897 3232">
     <span class='ocr_line' id='line_1_25' title="bbox 160 3151 897 3232; baseline -0.001 -21"><span class='ocrx_word' id='word_1_153' title='bbox 160 3152 212 3211; x_wconf 88' lang='lat' dir='ltr'><strong>sed</strong></span> <span class='ocrx_word' id='word_1_154' title='bbox 225 3152 298 3210; x_wconf 91' lang='lat' dir='ltr'><strong>mihi</strong></span> <span class='ocrx_word' id='word_1_155' title='bbox 313 3154 360 3211; x_wconf 91' lang='lat' dir='ltr'><strong>vel</strong></span> <span class='ocrx_word' id='word_1_156' title='bbox 377 3154 463 3212; x_wconf 89' lang='lat' dir='ltr'><strong>tellus</strong></span> <span class='ocrx_word' id='word_1_157' title='bbox 478 3169 577 3232; x_wconf 88' lang='lat' dir='ltr'><strong>optem</strong></span> <span class='ocrx_word' id='word_1_158' title='bbox 591 3153 670 3232; x_wconf 89' lang='lat' dir='ltr'><strong>prius</strong></span> <span class='ocrx_word' id='word_1_159' title='bbox 685 3152 743 3210; x_wconf 87' lang='lat' dir='ltr'><strong>ima</strong></span> <span class='ocrx_word' id='word_1_160' title='bbox 757 3151 897 3226; x_wconf 84' lang='lat' dir='ltr'><strong>dehiscat,</strong></span> 
     </span>
    </p>

    <p class='ocr_par' dir='ltr' id='par_1_25' title="bbox 160 3232 1012 3312">
     <span class='ocr_line' id='line_1_26' title="bbox 160 3232 1012 3312; baseline -0.004 -20"><span class='ocrx_word' id='word_1_161' title='bbox 160 3234 207 3292; x_wconf 86' lang='lat' dir='ltr'><strong>vel</strong></span> <span class='ocrx_word' id='word_1_162' title='bbox 225 3233 310 3292; x_wconf 89' lang='lat' dir='ltr'><strong>Pater</strong></span> <span class='ocrx_word' id='word_1_163' title='bbox 323 3233 511 3312; x_wconf 89' lang='lat' dir='ltr'><strong>omnipotens</strong></span> <span class='ocrx_word' id='word_1_164' title='bbox 525 3234 620 3310; x_wconf 78' lang='lat' dir='ltr'><strong>adigat</strong></span> <span class='ocrx_word' id='word_1_165' title='bbox 635 3254 682 3292; x_wconf 90' lang='lat' dir='ltr'><strong>me</strong></span> <span class='ocrx_word' id='word_1_166' title='bbox 697 3232 821 3292; x_wconf 89' lang='lat' dir='ltr'><strong>fulmine</strong></span> <span class='ocrx_word' id='word_1_167' title='bbox 836 3234 873 3291; x_wconf 88' lang='lat' dir='ltr'><strong>ad</strong></span> <span class='ocrx_word' id='word_1_168' title='bbox 888 3233 1012 3304; x_wconf 87' lang='lat' dir='ltr'><strong>umbras,</strong></span> 
     </span>
    </p>

    <p class='ocr_par' dir='ltr' id='par_1_26' title="bbox 159 3313 929 3393">
     <span class='ocr_line' id='line_1_27' title="bbox 159 3313 929 3393; baseline 0 -20"><span class='ocrx_word' id='word_1_169' title='bbox 159 3314 305 3392; x_wconf 84' lang='lat' dir='ltr'><strong>pallentes</strong></span> <span class='ocrx_word' id='word_1_170' title='bbox 319 3315 434 3374; x_wconf 87' lang='lat' dir='ltr'><strong>umbras</strong></span> <span class='ocrx_word' id='word_1_171' title='bbox 449 3315 536 3374; x_wconf 88' lang='lat' dir='ltr'><strong>Erebi</strong></span> <span class='ocrx_word' id='word_1_172' title='bbox 552 3331 730 3393; x_wconf 88' lang='lat' dir='ltr'><strong>noctemque</strong></span> <span class='ocrx_word' id='word_1_173' title='bbox 744 3313 929 3392; x_wconf 78' lang='lat' dir='ltr'><strong>profundam,</strong></span> 
     </span>
    </p>

    <p class='ocr_par' dir='ltr' id='par_1_27' title="bbox 511 3409 641 3458">
     <span class='ocr_line' id='line_1_28' title="bbox 511 3409 641 3458; baseline -0.008 0"><span class='ocrx_word' id='word_1_174' title='bbox 511 3409 543 3458; x_wconf 86' lang='lat'><strong>26</strong></span> <span class='ocrx_word' id='word_1_175' title='bbox 561 3409 641 3457; x_wconf 83' lang='lat' dir='ltr'><strong>Erebo.</strong></span> 
     </span>
    </p>
   </div>
   <div class='ocr_carea' id='block_1_3' title="bbox 0 0 1292 4112">
    <p class='ocr_par' dir='ltr' id='par_1_28' title="bbox 0 0 1292 4112">
     <span class='ocr_line' id='line_1_29' title="bbox 0 0 1292 4112; baseline 0 0"><span class='ocrx_word' id='word_1_176' title='bbox 0 0 1292 4112; x_wconf 95' lang='lat' dir='ltr'><strong> </strong></span> 
     </span>
    </p>
   </div>
  </div>
 </body>
</html>
