2558 4112
424 365 590 414 neustrios
608 365 671 414 ιιι.
686 363 726 414 ιιι
982 376 1026 428 ιςς

164 501 222 558 hoc
237 515 280 558 sat
294 498 358 560 erit.
400 497 460 558 scio
473 518 521 557 me
535 497 643 558 Danais
658 519 674 558 e
689 499 824 558 classibus
837 505 939 572 unurn,

166 597 196 640 et
209 581 289 640 bello
303 579 408 638 Iliacos
422 581 514 638 fateor
527 580 643 658 petiisse
658 579 791 638 Penates.

164 683 217 739 pro
232 681 299 739 quo,
314 681 337 719 ει
329 659 466 719 sceleris
481 675 561 718 tanta
577 676 618 718 est
632 659 737 718 iniuria
752 659 851 753 nostri,

165 741 288 835 spargite
303 761 349 800 me
363 740 394 799 in
408 740 511 799 fluctus
526 757 663 820 vastoque
677 738 831 833 inmergite
845 758 946 848 pqnto.

164 821 187 880 si
201 842 299 900 pereo,
314 820 467 880 hominum
481 821 613 880 manibus
625 821 744 900 periisse
759 820 889 881 iuvabit?

164 902 286 974 dixerat,
302 917 331 960 et
345 921 438 977 genua
452 902 601 979 amplexus
616 901 796 980 genibusque
809 903 943 962 volutans

164 981 310 1041 haerebat.
352 981 401 1060 qui
417 982 452 1040 sit
466 982 530 1056 fari,
545 1002 603 1060 quo
616 982 756 1058 sanguine
770 997 875 1056 cretus,

164 1064 322 1135 hortamur,
337 1083 433 1142 quae
425 1062 533 1120 deinde
548 1063 637 1138 agitet
651 1064 768 1121 fortuna
782 1063 877 1123 fateri.

164 1142 225 1221 ipse
230 1159 326 1236 Ηριιοι
333 1143 464 1201 dextram
477 1144 620 1202 Anchises
633 1143 713 1202 haud
727 1143 819 1202 multa
833 1159 959 1204 moratus
992 1164 1032 1204 610

165 1223 236 1281 dat
229 1221 338 1294 ruveni,
353 1239 439 1301 atque
453 1223 585 1284 animum
597 1223 742 1303 praesenti
757 1223 877 1301 pignore
892 1223 995 1284 firmat.

164 1301 216 1361 ille
229 1304 300 1362 haec
314 1304 444 1382 deposita
459 1305 576 1363 tandem
591 1305 748 1364 formidine
763 1305 860 1364 fatur:

144 1389 224 1442 ‘sum
239 1383 330 1476 patria
345 1405 380 1443 ex
394 1385 505 1457 Ithaca,
520 1405 616 1444 comes
630 1385 758 1444 infelicis
773 1385 868 1457 Ulixi,

168 1463 287 1524 nomine
301 1466 544 1558 Achaemenides,
560 1466 680 1526 Troiam
694 1464 825 1540 genitore
838 1465 994 1524 Adamasto

166 1545 538 1625 paupere—mansissetque
553 1546 666 1605 utinam
681 1547 797 1604 fortuna
809 1544 1016 1624 !-profectus.

166 1625 216 1683 hic
230 1645 287 1696 me,
301 1626 371 1686 dum
385 1627 489 1704 trepidi
505 1627 634 1686 crudelia
650 1626 752 1685 limina
767 1626 915 1705 linquunt,

166 1704 340 1764 inmemores
355 1707 424 1765 socii
438 1724 518 1766 vasto
533 1707 693 1785 Cyclopis'
685 1727 717 1764 111
731 1720 814 1764 antro

166 1785 326 1845 deseruere.
368 1788 469 1846 domus
483 1787 560 1845 sanie
575 1787 753 1864 dapibusque
768 1786 905 1858 cruentis,

166 1865 244 1924 intus
264 1887 362 1944 opaca,
378 1866 490 1943 ingens.
531 1866 592 1943 ipse
607 1866 709 1924 arduus
724 1866 840 1943 altaque
853 1867 950 1944 pulsat

166 1944 328 2006 sidera—di
344 1947 432 2004 talem
447 1945 528 2004 terris
543 1945 663 2005 avertite
676 1961 788 2024 pestem
801 1945 853 2004 !-
992 1965 1031 2006 σω

165 2047 221 2085 nec
236 2027 298 2084 visu
313 2026 406 2084 facilis
421 2045 477 2083 nec
491 2025 573 2083 dictu
587 2025 721 2084 adfabilis
736 2025 800 2086 ulli.

164 2106 323 2164 visceribus
336 2105 506 2164 miserorum
521 2121 550 2163 et
565 2105 701 2180 sanguine
714 2106 840 2166 vescitur
854 2122 925 2168 stro.

164 2185 226 2244 vidi
243 2200 357 2261 egomet
370 2185 429 2243 duo
442 2185 480 2242 de
495 2205 617 2243 numero
631 2205 699 2245 eum
713 2206 832 2264 corpora
846 2203 944 2246 nostro

164 2287 269 2344 prensa
283 2285 371 2324 manu
385 2285 489 2340 magna
503 2265 599 2323 medio
612 2265 763 2343 resupinus
776 2266 807 2324 in
822 2283 904 2325 antro

164 2348 312 2422 frangeret
327 2345 362 2404 ad
377 2365 484 2418 saxum,
500 2345 636 2424 sanieque
651 2366 781 2423 exspersa
795 2363 928 2406 natarent

166 2427 287 2499 limina3
308 2426 368 2485 vidi
382 2442 527 2486 atrocum
541 2427 671 2485 membra
685 2425 806 2486 fluentia
820 2426 888 2485 tabo

166 2508 318 2566 manderet
332 2523 362 2566 et
376 2506 467 2584 tepidi
482 2523 640 2566 tremerent
654 2507 707 2566 sub
721 2506 857 2566 dentibus
871 2521 958 2566 artus.

166 2587 265 2646 haud
257 2608 368 2665 1npune
383 2587 523 2666 quidem:
545 2607 601 2646 nec
617 2587 684 2646 talia
699 2608 796 2665 passus
811 2585 917 2646 Ulixes

167 2668 308 2726 oblitusve
323 2668 365 2727 sui
380 2684 423 2726 est
437 2669 554 2726 Ithacus
568 2667 736 2728 discrimine
751 2682 842 2728 tanto.

167 2768 236 2806 nam
250 2749 334 2808 simul
350 2749 482 2826 expletus
496 2748 658 2827 dapibus'
630 2769 758 2828 vinoque
773 2748 905 2826 sepultus
992 2765 1033 2818 σεο

167 2827 310 2888 cervicem
325 2827 462 2888 inflexam
475 2829 572 2907 posuit
586 2829 733 2908 iacuitque
746 2850 799 2907 per
813 2844 928 2890 antrum

166 2908 314 2968 inmensus
329 2909 439 2968 saniem
453 2925 587 2969 eructans
603 2925 631 2968 et
645 2909 735 2969 frusta
749 2925 872 2971 cruento

167 3009 218 3066 per
232 3009 364 3048 somnum
379 2989 536 3049 commixta
550 3009 641 3063 mero,
656 3011 707 3049 nos
721 3010 824 3066 magna
837 2989 948 3069 precati

167 3069 288 3129 numina
303 3069 452 3148 sortitique
467 3069 545 3129 vices
560 3090 618 3128 una
632 3070 802 3148 undique
776 3091 887 3130 crrcum

167 3149 326 3222 fundimur,
342 3165 372 3208 et
386 3151 446 3208 telo
461 3150 561 3210 lumen
576 3152 752 3210 terebramus
764 3165 850 3211 scuto

167 3228 277 3304 ingens,
293 3229 370 3308 quod
385 3246 464 3289 torva
479 3231 572 3290 solum
587 3231 638 3288 sub
652 3231 748 3290 fronte
762 3231 878 3305 latebat,

166 3308 295 3385 Argolici
310 3309 399 3387 clipei
414 3324 464 3368 aut
478 3310 631 3369 Phoebeae
646 3310 786 3389 lampadis
799 3310 897 3390 instar,

394 3403 439 3466 625
457 3405 567 3464 adspersa.
601 3403 648 3464 627
665 3402 754 3464 trepidi·
