2558 4112
230 417 275 465 106
505 413 533 462 P.
549 411 692 462 VERGILI
710 413 867 462 MARONIS

271 544 470 622 artificumque
486 564 586 602 manus
601 542 676 602 inter
691 565 718 603 se
732 562 910 623 operumque
926 545 1053 606 laborem

271 625 399 696 miratur,
414 625 493 684 videt
506 625 608 684 lliacas
623 645 658 682 ex
673 624 772 683 ordine
788 644 896 702 pugnas

270 707 403 785 bellaque
418 706 474 764 iam
490 706 565 764 fama
579 721 672 765 totum
687 706 800 780 vulgata
814 726 865 783 per
879 705 986 776 orbem,

270 787 383 846 Atridas
399 786 602 865 Priamumque
617 803 646 846 et
660 807 775 846 saevum
790 787 928 845 ambobus
942 787 1101 847 Achillem.

262 867 408 938 constitit,
443 883 472 926 et
508 866 660 926 lacrimans
696 866 775 948 ‘quis
810 866 867 926 iam
903 868 1001 940 locus,'
1034 867 1137 948 inquit,

351 950 491 1024 ‘Achate

268 1051 340 1109 quae
357 1029 434 1105 regio
449 1030 479 1087 in
496 1029 577 1089 terris
592 1028 681 1088 nostri
696 1049 754 1087 non
770 1029 856 1105 plena
871 1028 996 1088 laboris?
1100 1048 1140 1097 4⁶0

269 1131 305 1170 en
323 1111 470 1169 Priamus!
495 1125 561 1170 sunt
575 1110 624 1168 hic
640 1109 726 1169 etiam
742 1130 790 1168 sua
804 1109 929 1187 praemia
943 1109 1021 1169 laudi
1034 1135 1044 1181 3

269 1207 336 1250 sunt
351 1191 484 1249 lacrimae
499 1211 595 1250 rerum
611 1205 640 1248 et
656 1206 783 1250 mentem
798 1190 929 1249 mortalia
942 1205 1074 1267 tangunt.

268 1273 346 1330 solve
362 1286 477 1339 metues
499 1273 573 1332 feret
587 1273 657 1332 haec
674 1272 798 1349 aliquam
814 1271 865 1330 tibi
881 1271 956 1329 fama
969 1269 1109 1332 salutem.’

268 1353 308 1411 sic
325 1353 372 1422 ait,
390 1369 474 1431 atque
489 1353 620 1411 animum
634 1352 748 1430 pictura
762 1352 852 1428 pascit
866 1351 945 1410 inani
1043 1395 1049 1404 .

269 1434 361 1492 multa
375 1453 501 1508 gemens,
518 1434 651 1510 largoque
667 1448 794 1492 umectat
809 1431 929 1492 flumine
944 1433 1066 1492 vultum.

270 1534 394 1593 namque
410 1513 535 1583 videbat,
551 1513 593 1572 uti
609 1513 750 1572 bellantes
767 1514 902 1590 Pergama
916 1513 1026 1572 circum

269 1598 323 1654 hac
338 1596 471 1670 fugerent
487 1593 567 1663 Grai,
582 1610 727 1670 premeret
742 1593 869 1652 Troiana
884 1593 1038 1660 iuventus;

269 1676 323 1735 hac
340 1675 473 1752 Phryges,
489 1675 606 1733 instaret
622 1694 706 1733 curru
723 1674 853 1734 cristatus
867 1674 1006 1734 Achilles.

270 1777 325 1815 nec
341 1756 442 1834 procul
457 1755 527 1814 hinc
544 1755 632 1814 Rmsi
647 1755 738 1815 niveis
754 1755 876 1814 tentoria
890 1755 960 1814 velis

270 1836 417 1912 adgnoscit
431 1836 594 1907 lacrimans,
609 1836 703 1913 primo
717 1857 789 1915 quae
804 1835 915 1914 prodita
929 1855 1030 1894 somno
1102 1865 1141 1904 ⁴70

270 1918 401 1994 Tydides
416 1918 508 1976 multa
522 1917 648 1976 vastabat
661 1917 748 1976 caede
764 1933 908 1988 cruentus,

270 1999 458 2076 ardentesque
473 1998 575 2056 avertit
591 2018 676 2076 equos
692 1997 723 2055 in
739 2013 838 2068 castra,
853 1997 1016 2076 priusquam

270 2079 375 2157 pabula
388 2094 546 2154 gustassent
561 2078 666 2137 Troiae
683 2079 892 2156 Xanthumque
911 2078 1059 2139 bibissent.

270 2161 349 2238 par'te
364 2159 419 2217 alia
434 2158 545 2233 fugiens
560 2158 666 2217 amissis
682 2158 800 2217 Troilus
816 2158 911 2230 armis,

269 2239 375 2299 infelix
389 2259 461 2316 puer
475 2257 559 2318 atque
574 2240 656 2318 inpar
672 2259 837 2316 congressus
853 2239 974 2310 Achilli,

270 2322 360 2380 fertur
375 2320 455 2399 equis
469 2340 613 2399 curruque
627 2323 726 2379 haeret
741 2321 892 2398 resupinus
907 2319 996 2390 inani,

270 2403 330 2460 lora
371 2416 473 2460 teneus
517 2417 636 2470 tamen;
667 2401 736 2459 huic
783 2401 940 2479 cervixque
985 2419 1142 2480 comaeque

352 2484 504 2541 trahuntur

270 2583 330 2656 per
322 2553 448 2632 t'e'rram,
464 2578 493 2621 et
509 2583 587 2622 versa
602 2561 695 2640 pulvis
712 2562 878 2622 inscribitur
891 2528 978 2621 hasta.

271 2643 380 2703 interea
395 2644 429 2702 ad
444 2645 587 2720 templum
603 2663 663 2702 non
679 2663 785 2721 aequae
802 2643 923 2702 Palladis
939 2621 1055 2701 ibant

271 2724 397 2784 crinibus
413 2724 516 2782 Iliades
532 2723 616 2801 passis
632 2725 811 2802 peplumque
826 2723 956 2782 ferebant
1106 2740 1146 2790 480

272 2805 448 2882 suppliciter,
464 2804 556 2864 tristes
572 2819 601 2864 et
617 2819 717 2863 tunsae
733 2821 849 2882 pectora
863 2803 985 2882 palmis:

272 2885 337 2943 diva
351 2887 411 2944 solo
425 2885 495 2943 fixos
510 2886 608 2944 oculos
625 2905 720 2944 aversa
736 2885 862 2944 tenebat.

273 2981 315 3024 ter
329 2966 439 3024 circum
454 2966 556 3025 iliacos
573 2982 731 3044 raptaverat
747 2965 876 3025 Hectora
890 2983 986 3045 muros

273 3045 497 3124 exanimumque
512 3067 581 3105 auro
597 3067 699 3124 corpus
714 3047 856 3105 vendebat
869 3046 1011 3119 Achilles.

273 3141 336 3185 tum
351 3147 418 3185 vero
432 3127 582 3202 ingentem
599 3127 738 3204 gemitum
753 3127 801 3186 dat
815 3143 931 3205 pectore
946 3125 1003 3184 ab
996 3144 1064 3218 into,

273 3222 304 3265 ut
319 3208 418 3284 spolia,
433 3223 464 3266 ut
480 3228 589 3279 currus,
606 3224 694 3301 utque
708 3207 802 3285 ipsum
816 3227 931 3300 corpus·
933 3205 1018 3266 amici

274 3287 501 3366 tendentemque
517 3309 617 3347 manus
635 3288 779 3347 Priamum
794 3287 946 3365 conspexit
960 3287 1095 3345 inermes.

275 3387 302 3425 se
317 3388 432 3447 quoque
447 3368 624 3462 principibus
640 3368 816 3445 permixtum
831 3367 967 3443 adgnovit
981 3365 1111 3437 Achivis,

275 3447 404 3528 ansque
420 3449 493 3507 acies
509 3464 537 3507 et
551 3449 624 3524 nigri
617 3448 811 3508 Memnonis
825 3469 911 3508 arma.
