<?xml version="1.0" encoding="UTF-8"?>
<!DOCTYPE html PUBLIC "-//W3C//DTD XHTML 1.0 Transitional//EN"
    "http://www.w3.org/TR/xhtml1/DTD/xhtml1-transitional.dtd">
<html xmlns="http://www.w3.org/1999/xhtml" xml:lang="en" lang="en">
 <head>
  <title>
</title>
<meta http-equiv="Content-Type" content="text/html;charset=utf-8" />
  <meta name='ocr-system' content='tesseract 3.04.00' />
  <meta name='ocr-capabilities' content='ocr_page ocr_carea ocr_par ocr_line ocrx_word'/>
</head>
<body>
  <div class='ocr_page' id='page_1' title='image "./bucolicageorgic05virggoog/bucolicageorgic05virggoog_0269.png"; bbox 0 0 2568 4114; ppageno 0'>
   <div class='ocr_carea' id='block_1_1' title="bbox 261 327 892 393">
    <p class='ocr_par' dir='ltr' id='par_1_1' title="bbox 261 327 892 393">
     <span class='ocr_line' id='line_1_1' title="bbox 261 327 892 393; baseline -0.006 -13"><span class='ocrx_word' id='word_1_1' title='bbox 261 343 309 393; x_wconf 80' lang='lat'>²44</span> <span class='ocrx_word' id='word_1_2' title='bbox 528 329 555 378; x_wconf 74' lang='grc' dir='ltr'>Ρ.</span> <span class='ocrx_word' id='word_1_3' title='bbox 573 327 716 376; x_wconf 76' lang='lat' dir='ltr'>venem</span> <span class='ocrx_word' id='word_1_4' title='bbox 734 327 892 376; x_wconf 77' lang='lat' dir='ltr'>Mtnoms</span> 
     </span>
    </p>
   </div>
   <div class='ocr_carea' id='block_1_2' title="bbox 294 456 1170 3444">
    <p class='ocr_par' dir='ltr' id='par_1_2' title="bbox 294 456 1170 3362">
     <span class='ocr_line' id='line_1_2' title="bbox 300 456 1008 539; baseline -0.004 -19"><span class='ocrx_word' id='word_1_5' title='bbox 300 463 381 520; x_wconf 89' lang='lat' dir='ltr'>hunc</span> <span class='ocrx_word' id='word_1_6' title='bbox 395 457 497 539; x_wconf 89' lang='lat' dir='ltr'>procul</span> <span class='ocrx_word' id='word_1_7' title='bbox 513 474 657 518; x_wconf 84' lang='lat' dir='ltr'>errantem</span> <span class='ocrx_word' id='word_1_8' title='bbox 671 456 787 518; x_wconf 88' lang='lat' dir='ltr'>rabidae</span> <span class='ocrx_word' id='word_1_9' title='bbox 801 457 935 518; x_wconf 79' lang='lat' dir='ltr'>venantis</span> <span class='ocrx_word' id='word_1_10' title='bbox 950 458 1008 517; x_wconf 93' lang='lat' dir='ltr'>Iuli</span> 
     </span>
     <span class='ocr_line' id='line_1_3' title="bbox 301 539 1012 613; baseline -0.003 -12"><span class='ocrx_word' id='word_1_11' title='bbox 301 559 484 601; x_wconf 87' lang='lat' dir='ltr'>commovere</span> <span class='ocrx_word' id='word_1_12' title='bbox 499 558 593 613; x_wconf 88' lang='lat' dir='ltr'>cartes,</span> <span class='ocrx_word' id='word_1_13' title='bbox 609 539 698 600; x_wconf 88' lang='lat' dir='ltr'>fluvio</span> <span class='ocrx_word' id='word_1_14' title='bbox 712 559 781 599; x_wconf 90' lang='lat' dir='ltr'>cum</span> <span class='ocrx_word' id='word_1_15' title='bbox 795 540 869 598; x_wconf 88' lang='lat' dir='ltr'>forte</span> <span class='ocrx_word' id='word_1_16' title='bbox 883 541 1012 599; x_wconf 90' lang='lat' dir='ltr'>secundo</span> 
     </span>
     <span class='ocr_line' id='line_1_4' title="bbox 301 620 990 701; baseline 0 -21"><span class='ocrx_word' id='word_1_17' title='bbox 301 622 451 694; x_wconf 86' lang='lat' dir='ltr'>deflueret,</span> <span class='ocrx_word' id='word_1_18' title='bbox 467 622 589 701; x_wconf 76' lang='lat' dir='ltr'>ripaque</span> <span class='ocrx_word' id='word_1_19' title='bbox 603 634 698 680; x_wconf 91' lang='lat' dir='ltr'>aestus</span> <span class='ocrx_word' id='word_1_20' title='bbox 712 620 857 679; x_wconf 86' lang='lat' dir='ltr'>viridante</span> <span class='ocrx_word' id='word_1_21' title='bbox 872 621 990 680; x_wconf 86' lang='lat' dir='ltr'>levaret.</span> 
     </span>
     <span class='ocr_line' id='line_1_5' title="bbox 300 701 1010 782; baseline -0.004 -20"><span class='ocrx_word' id='word_1_22' title='bbox 300 704 362 782; x_wconf 90' lang='lat' dir='ltr'>ipse</span> <span class='ocrx_word' id='word_1_23' title='bbox 377 702 474 774; x_wconf 85' lang='lat' dir='ltr'>etiam,</span> <span class='ocrx_word' id='word_1_24' title='bbox 491 703 614 762; x_wconf 81' lang='lat' dir='ltr'>eximiae</span> <span class='ocrx_word' id='word_1_25' title='bbox 629 701 722 760; x_wconf 85' lang='lat' dir='ltr'>laudis</span> <span class='ocrx_word' id='word_1_26' title='bbox 737 719 889 761; x_wconf 89' lang='lat' dir='ltr'>succensus</span> <span class='ocrx_word' id='word_1_27' title='bbox 904 719 1010 774; x_wconf 86' lang='lat' dir='ltr'>amore,</span> 
     </span>
     <span class='ocr_line' id='line_1_6' title="bbox 300 781 977 861; baseline -0.007 -20"><span class='ocrx_word' id='word_1_28' title='bbox 300 783 441 843; x_wconf 91' lang='lat' dir='ltr'>Ascanius</span> <span class='ocrx_word' id='word_1_29' title='bbox 457 803 545 842; x_wconf 92' lang='lat' dir='ltr'>curvo</span> <span class='ocrx_word' id='word_1_30' title='bbox 560 783 674 842; x_wconf 86' lang='lat' dir='ltr'>derexit</span> <span class='ocrx_word' id='word_1_31' title='bbox 687 781 798 861; x_wconf 89' lang='lat' dir='ltr'>spicula</span> <span class='ocrx_word' id='word_1_32' title='bbox 813 802 904 841; x_wconf 89' lang='lat' dir='ltr'>cornu</span> <span class='ocrx_word' id='word_1_33' title='bbox 913 806 923 851; x_wconf 89' lang='lat'>;</span> <span class='ocrx_word' id='word_1_34' title='bbox 970 830 977 836; x_wconf 93' lang='lat'>.</span> 
     </span>
     <span class='ocr_line' id='line_1_7' title="bbox 301 863 1044 942; baseline 0 -20"><span class='ocrx_word' id='word_1_35' title='bbox 301 885 356 923; x_wconf 92' lang='lat' dir='ltr'>nec</span> <span class='ocrx_word' id='word_1_36' title='bbox 372 865 492 923; x_wconf 77' lang='lat' dir='ltr'>dextrae</span> <span class='ocrx_word' id='word_1_37' title='bbox 507 864 614 924; x_wconf 78' lang='lat' dir='ltr'>erranti</span> <span class='ocrx_word' id='word_1_38' title='bbox 630 865 701 922; x_wconf 93' lang='lat' dir='ltr'>deus</span> <span class='ocrx_word' id='word_1_39' title='bbox 716 863 799 936; x_wconf 86' lang='lat' dir='ltr'>afuit,</span> <span class='ocrx_word' id='word_1_40' title='bbox 814 877 936 942; x_wconf 89' lang='lat' dir='ltr'>actaque</span> <span class='ocrx_word' id='word_1_41' title='bbox 951 863 1044 922; x_wconf 90' lang='lat' dir='ltr'>multo</span> 
     </span>
     <span class='ocr_line' id='line_1_8' title="bbox 299 943 1095 1024; baseline 0 -20"><span class='ocrx_word' id='word_1_42' title='bbox 299 965 410 1024; x_wconf 84' lang='lat' dir='ltr'>perque</span> <span class='ocrx_word' id='word_1_43' title='bbox 426 960 542 1004; x_wconf 88' lang='lat' dir='ltr'>uterum</span> <span class='ocrx_word' id='word_1_44' title='bbox 557 944 654 1004; x_wconf 90' lang='lat' dir='ltr'>sonitu</span> <span class='ocrx_word' id='word_1_45' title='bbox 669 965 778 1024; x_wconf 87' lang='lat' dir='ltr'>perque</span> <span class='ocrx_word' id='word_1_46' title='bbox 792 943 842 1004; x_wconf 85' lang='lat' dir='ltr'>ilia</span> <span class='ocrx_word' id='word_1_47' title='bbox 856 945 938 1004; x_wconf 85' lang='lat' dir='ltr'>venit</span> <span class='ocrx_word' id='word_1_48' title='bbox 951 943 1095 1004; x_wconf 84' lang='lat' dir='ltr'>harundo.</span> 
     </span>
     <span class='ocr_line' id='line_1_9' title="bbox 300 1025 1170 1104; baseline 0 -20"><span class='ocrx_word' id='word_1_49' title='bbox 300 1026 412 1088; x_wconf 87' lang='lat' dir='ltr'>saucius</span> <span class='ocrx_word' id='word_1_50' title='bbox 427 1041 456 1084; x_wconf 93' lang='lat' dir='ltr'>at</span> <span class='ocrx_word' id='word_1_51' title='bbox 470 1025 632 1104; x_wconf 81' lang='lat' dir='ltr'>quadrupes</span> <span class='ocrx_word' id='word_1_52' title='bbox 648 1041 717 1084; x_wconf 89' lang='lat' dir='ltr'>nota</span> <span class='ocrx_word' id='word_1_53' title='bbox 731 1025 808 1084; x_wconf 87' lang='lat' dir='ltr'>intra</span> <span class='ocrx_word' id='word_1_54' title='bbox 823 1039 900 1084; x_wconf 87' lang='lat' dir='ltr'>tecta</span> <span class='ocrx_word' id='word_1_55' title='bbox 915 1025 1032 1102; x_wconf 79' lang='lat' dir='ltr'>refugit,</span> <span class='ocrx_word' id='word_1_56' title='bbox 1129 1055 1170 1094; x_wconf 80' lang='lat'>500</span> 
     </span>
     <span class='ocr_line' id='line_1_10' title="bbox 300 1106 1099 1186; baseline -0.003 -20"><span class='ocrx_word' id='word_1_57' title='bbox 300 1107 495 1186; x_wconf 83' lang='lat' dir='ltr'>successitque</span> <span class='ocrx_word' id='word_1_58' title='bbox 509 1125 627 1183; x_wconf 89' lang='lat' dir='ltr'>gemens</span> <span class='ocrx_word' id='word_1_59' title='bbox 642 1106 769 1179; x_wconf 87' lang='lat' dir='ltr'>stabulis,</span> <span class='ocrx_word' id='word_1_60' title='bbox 785 1121 945 1186; x_wconf 89' lang='lat' dir='ltr'>questuque</span> <span class='ocrx_word' id='word_1_61' title='bbox 960 1120 1099 1166; x_wconf 89' lang='lat' dir='ltr'>cruentus</span> 
     </span>
     <span class='ocr_line' id='line_1_11' title="bbox 299 1183 1063 1267; baseline -0.001 -20"><span class='ocrx_word' id='word_1_62' title='bbox 299 1203 386 1267; x_wconf 88' lang='lat' dir='ltr'>atque</span> <span class='ocrx_word' id='word_1_63' title='bbox 401 1187 560 1266; x_wconf 81' lang='lat' dir='ltr'>inploranti</span> <span class='ocrx_word' id='word_1_64' title='bbox 576 1187 679 1246; x_wconf 88' lang='lat' dir='ltr'>similis</span> <span class='ocrx_word' id='word_1_65' title='bbox 695 1202 805 1246; x_wconf 90' lang='lat' dir='ltr'>tectum</span> <span class='ocrx_word' id='word_1_66' title='bbox 820 1205 908 1246; x_wconf 88' lang='lat' dir='ltr'>omne</span> <span class='ocrx_word' id='word_1_67' title='bbox 922 1183 1063 1265; x_wconf 85' lang='lat' dir='ltr'>replebat.</span> 
     </span>
     <span class='ocr_line' id='line_1_12' title="bbox 300 1268 1009 1347; baseline -0.004 -19"><span class='ocrx_word' id='word_1_68' title='bbox 300 1269 389 1328; x_wconf 89' lang='lat' dir='ltr'>Silvia</span> <span class='ocrx_word' id='word_1_69' title='bbox 403 1269 496 1347; x_wconf 89' lang='lat' dir='ltr'>prima</span> <span class='ocrx_word' id='word_1_70' title='bbox 510 1289 598 1342; x_wconf 89' lang='lat' dir='ltr'>soror,</span> <span class='ocrx_word' id='word_1_71' title='bbox 613 1268 717 1346; x_wconf 90' lang='lat' dir='ltr'>palmis</span> <span class='ocrx_word' id='word_1_72' title='bbox 730 1288 864 1346; x_wconf 89' lang='lat' dir='ltr'>percussa</span> <span class='ocrx_word' id='word_1_73' title='bbox 878 1268 1009 1340; x_wconf 87' lang='lat' dir='ltr'>lacertos,</span> 
     </span>
     <span class='ocr_line' id='line_1_13' title="bbox 299 1349 1020 1426; baseline 0 -18"><span class='ocrx_word' id='word_1_74' title='bbox 299 1349 442 1409; x_wconf 80' lang='lat' dir='ltr'>auxilium</span> <span class='ocrx_word' id='word_1_75' title='bbox 456 1365 550 1422; x_wconf 90' lang='lat' dir='ltr'>vocat,</span> <span class='ocrx_word' id='word_1_76' title='bbox 567 1365 596 1409; x_wconf 94' lang='lat' dir='ltr'>et</span> <span class='ocrx_word' id='word_1_77' title='bbox 610 1350 695 1408; x_wconf 89' lang='lat' dir='ltr'>duros</span> <span class='ocrx_word' id='word_1_78' title='bbox 710 1349 875 1408; x_wconf 87' lang='lat' dir='ltr'>conclamat</span> <span class='ocrx_word' id='word_1_79' title='bbox 889 1363 1020 1426; x_wconf 82' lang='lat' dir='ltr'>agrestes.</span> 
     </span>
     <span class='ocr_line' id='line_1_14' title="bbox 299 1429 1019 1508; baseline -0.001 -20"><span class='ocrx_word' id='word_1_80' title='bbox 299 1430 481 1508; x_wconf 89' lang='lat' dir='ltr'>olli-pestis</span> <span class='ocrx_word' id='word_1_81' title='bbox 497 1430 577 1488; x_wconf 90' lang='lat' dir='ltr'>enim</span> <span class='ocrx_word' id='word_1_82' title='bbox 593 1429 688 1489; x_wconf 87' lang='lat' dir='ltr'>tacitis</span> <span class='ocrx_word' id='word_1_83' title='bbox 704 1430 775 1488; x_wconf 89' lang='lat' dir='ltr'>latet</span> <span class='ocrx_word' id='word_1_84' title='bbox 790 1449 887 1508; x_wconf 89' lang='lat' dir='ltr'>aspera</span> <span class='ocrx_word' id='word_1_85' title='bbox 900 1429 1019 1489; x_wconf 88' lang='lat' dir='ltr'>silvis-</span> 
     </span>
     <span class='ocr_line' id='line_1_15' title="bbox 299 1509 989 1588; baseline 0.003 -20"><span class='ocrx_word' id='word_1_86' title='bbox 299 1509 437 1588; x_wconf 87' lang='lat' dir='ltr'>inprovisi</span> <span class='ocrx_word' id='word_1_87' title='bbox 452 1511 568 1583; x_wconf 83' lang='lat' dir='ltr'>adsunt,</span> <span class='ocrx_word' id='word_1_88' title='bbox 583 1509 632 1569; x_wconf 88' lang='lat' dir='ltr'>hic</span> <span class='ocrx_word' id='word_1_89' title='bbox 648 1527 724 1569; x_wconf 87' lang='lat' dir='ltr'>torre</span> <span class='ocrx_word' id='word_1_90' title='bbox 739 1525 862 1569; x_wconf 87' lang='lat' dir='ltr'>armatus</span> <span class='ocrx_word' id='word_1_91' title='bbox 877 1509 989 1582; x_wconf 88' lang='lat' dir='ltr'>obust0,</span> 
     </span>
     <span class='ocr_line' id='line_1_16' title="bbox 298 1589 1094 1670; baseline -0.001 -20"><span class='ocrx_word' id='word_1_92' title='bbox 298 1589 403 1669; x_wconf 90' lang='lat' dir='ltr'>stipitis</span> <span class='ocrx_word' id='word_1_93' title='bbox 417 1590 465 1648; x_wconf 89' lang='lat' dir='ltr'>hic</span> <span class='ocrx_word' id='word_1_94' title='bbox 480 1590 589 1666; x_wconf 79' lang='lat' dir='ltr'>gravidi</span> <span class='ocrx_word' id='word_1_95' title='bbox 604 1591 688 1649; x_wconf 87' lang='lat' dir='ltr'>nodis</span> <span class='ocrx_word' id='word_1_96' title='bbox 703 1616 712 1662; x_wconf 90' lang='lat'>;</span> <span class='ocrx_word' id='word_1_97' title='bbox 733 1591 811 1670; x_wconf 87' lang='lat' dir='ltr'>quod</span> <span class='ocrx_word' id='word_1_98' title='bbox 826 1590 931 1669; x_wconf 90' lang='lat' dir='ltr'>cuique</span> <span class='ocrx_word' id='word_1_99' title='bbox 945 1606 1094 1668; x_wconf 87' lang='lat' dir='ltr'>repertum</span> 
     </span>
     <span class='ocr_line' id='line_1_17' title="bbox 298 1669 1114 1750; baseline 0.001 -20"><span class='ocrx_word' id='word_1_100' title='bbox 298 1671 427 1743; x_wconf 89' lang='lat' dir='ltr'>rimanti,</span> <span class='ocrx_word' id='word_1_101' title='bbox 442 1671 534 1730; x_wconf 89' lang='lat' dir='ltr'>telum</span> <span class='ocrx_word' id='word_1_102' title='bbox 549 1671 591 1730; x_wconf 92' lang='lat' dir='ltr'>ira</span> <span class='ocrx_word' id='word_1_103' title='bbox 605 1671 686 1731; x_wconf 87' lang='lat' dir='ltr'>facit.</span> <span class='ocrx_word' id='word_1_104' title='bbox 727 1686 813 1731; x_wconf 82' lang='lat' dir='ltr'>vocat</span> <span class='ocrx_word' id='word_1_105' title='bbox 827 1671 941 1748; x_wconf 88' lang='lat' dir='ltr'>agmina</span> <span class='ocrx_word' id='word_1_106' title='bbox 956 1669 1114 1750; x_wconf 76' lang='lat' dir='ltr'>Tyrrheus,</span> 
     </span>
     <span class='ocr_line' id='line_1_18' title="bbox 298 1751 1020 1831; baseline -0.001 -20"><span class='ocrx_word' id='word_1_107' title='bbox 298 1752 490 1830; x_wconf 86' lang='lat' dir='ltr'>quadrifidam</span> <span class='ocrx_word' id='word_1_108' title='bbox 505 1769 645 1831; x_wconf 88' lang='lat' dir='ltr'>quercum</span> <span class='ocrx_word' id='word_1_109' title='bbox 660 1751 761 1811; x_wconf 90' lang='lat' dir='ltr'>cuneis</span> <span class='ocrx_word' id='word_1_110' title='bbox 775 1768 808 1812; x_wconf 91' lang='lat' dir='ltr'>ut</span> <span class='ocrx_word' id='word_1_111' title='bbox 823 1753 898 1811; x_wconf 92' lang='lat' dir='ltr'>forte</span> <span class='ocrx_word' id='word_1_112' title='bbox 913 1751 1020 1811; x_wconf 84' lang='lat' dir='ltr'>coactis</span> 
     </span>
     <span class='ocr_line' id='line_1_19' title="bbox 298 1831 1166 1912; baseline 0.001 -21"><span class='ocrx_word' id='word_1_113' title='bbox 298 1833 459 1906; x_wconf 77' lang='lat' dir='ltr'>scindebat,</span> <span class='ocrx_word' id='word_1_114' title='bbox 474 1848 556 1911; x_wconf 87' lang='lat' dir='ltr'>rapta</span> <span class='ocrx_word' id='word_1_115' title='bbox 570 1833 680 1912; x_wconf 86' lang='lat' dir='ltr'>spirans</span> <span class='ocrx_word' id='word_1_116' title='bbox 695 1832 814 1892; x_wconf 84' lang='lat' dir='ltr'>inmane</span> <span class='ocrx_word' id='word_1_117' title='bbox 829 1831 931 1893; x_wconf 87' lang='lat' dir='ltr'>securi.</span> <span class='ocrx_word' id='word_1_118' title='bbox 1127 1861 1166 1901; x_wconf 81' lang='lat'>510</span> 
     </span>
     <span class='ocr_line' id='line_1_20' title="bbox 298 1911 1033 1992; baseline 0 -20"><span class='ocrx_word' id='word_1_119' title='bbox 298 1929 327 1974; x_wconf 91' lang='lat' dir='ltr'>at</span> <span class='ocrx_word' id='word_1_120' title='bbox 342 1933 424 1973; x_wconf 86' lang='lat' dir='ltr'>saeva</span> <span class='ocrx_word' id='word_1_121' title='bbox 440 1935 455 1973; x_wconf 93' lang='lat' dir='ltr'>e</span> <span class='ocrx_word' id='word_1_122' title='bbox 470 1914 595 1992; x_wconf 89' lang='lat' dir='ltr'>speculis</span> <span class='ocrx_word' id='word_1_123' title='bbox 610 1928 724 1992; x_wconf 89' lang='lat' dir='ltr'>tempus</span> <span class='ocrx_word' id='word_1_124' title='bbox 739 1913 793 1973; x_wconf 90' lang='lat' dir='ltr'>dea</span> <span class='ocrx_word' id='word_1_125' title='bbox 807 1928 891 1972; x_wconf 89' lang='lat' dir='ltr'>nacta</span> <span class='ocrx_word' id='word_1_126' title='bbox 907 1911 1033 1973; x_wconf 91' lang='lat' dir='ltr'>nocendi</span> 
     </span>
     <span class='ocr_line' id='line_1_21' title="bbox 298 1991 1069 2072; baseline 0.003 -20"><span class='ocrx_word' id='word_1_127' title='bbox 298 1995 387 2053; x_wconf 86' lang='lat' dir='ltr'>ardua</span> <span class='ocrx_word' id='word_1_128' title='bbox 402 2009 479 2053; x_wconf 86' lang='lat' dir='ltr'>tecta</span> <span class='ocrx_word' id='word_1_129' title='bbox 493 1995 569 2072; x_wconf 90' lang='lat' dir='ltr'>petit</span> <span class='ocrx_word' id='word_1_130' title='bbox 584 1994 701 2068; x_wconf 87' lang='lat' dir='ltr'>stabuli,</span> <span class='ocrx_word' id='word_1_131' title='bbox 717 2009 746 2054; x_wconf 91' lang='lat' dir='ltr'>et</span> <span class='ocrx_word' id='word_1_132' title='bbox 760 1995 797 2053; x_wconf 91' lang='lat' dir='ltr'>de</span> <span class='ocrx_word' id='word_1_133' title='bbox 812 1991 941 2054; x_wconf 89' lang='lat' dir='ltr'>culmine</span> <span class='ocrx_word' id='word_1_134' title='bbox 954 2007 1069 2054; x_wconf 86' lang='lat' dir='ltr'>summo</span> 
     </span>
     <span class='ocr_line' id='line_1_22' title="bbox 298 2074 973 2154; baseline 0.001 -21"><span class='ocrx_word' id='word_1_135' title='bbox 298 2075 437 2153; x_wconf 88' lang='lat' dir='ltr'>pastorale</span> <span class='ocrx_word' id='word_1_136' title='bbox 453 2074 533 2134; x_wconf 91' lang='lat' dir='ltr'>canit</span> <span class='ocrx_word' id='word_1_137' title='bbox 548 2075 672 2152; x_wconf 87' lang='lat' dir='ltr'>signum,</span> <span class='ocrx_word' id='word_1_138' title='bbox 688 2095 837 2154; x_wconf 88' lang='lat' dir='ltr'>cornuque</span> <span class='ocrx_word' id='word_1_139' title='bbox 851 2093 973 2135; x_wconf 89' lang='lat' dir='ltr'>recurvo</span> 
     </span>
     <span class='ocr_line' id='line_1_23' title="bbox 297 2155 1077 2235; baseline 0.003 -21"><span class='ocrx_word' id='word_1_140' title='bbox 297 2156 469 2214; x_wconf 85' lang='lat' dir='ltr'>Tartaream</span> <span class='ocrx_word' id='word_1_141' title='bbox 484 2155 614 2215; x_wconf 88' lang='lat' dir='ltr'>intendit</span> <span class='ocrx_word' id='word_1_142' title='bbox 627 2177 753 2224; x_wconf 74' lang='lat' dir='ltr'>vocems</span> <span class='ocrx_word' id='word_1_143' title='bbox 773 2177 829 2235; x_wconf 86' lang='lat' dir='ltr'>qua</span> <span class='ocrx_word' id='word_1_144' title='bbox 844 2155 974 2235; x_wconf 89' lang='lat' dir='ltr'>protinus</span> <span class='ocrx_word' id='word_1_145' title='bbox 989 2171 1077 2216; x_wconf 92' lang='lat' dir='ltr'>omne</span> 
     </span>
     <span class='ocr_line' id='line_1_24' title="bbox 297 2235 1096 2316; baseline 0.005 -23"><span class='ocrx_word' id='word_1_146' title='bbox 297 2235 475 2295; x_wconf 90' lang='lat' dir='ltr'>contremuit</span> <span class='ocrx_word' id='word_1_147' title='bbox 490 2257 592 2296; x_wconf 90' lang='lat' dir='ltr'>nemus</span> <span class='ocrx_word' id='word_1_148' title='bbox 608 2251 638 2296; x_wconf 89' lang='lat' dir='ltr'>et</span> <span class='ocrx_word' id='word_1_149' title='bbox 652 2237 738 2296; x_wconf 85' lang='lat' dir='ltr'>silvae</span> <span class='ocrx_word' id='word_1_150' title='bbox 753 2237 909 2296; x_wconf 90' lang='lat' dir='ltr'>insonuere</span> <span class='ocrx_word' id='word_1_151' title='bbox 921 2237 1096 2316; x_wconf 81' lang='lat' dir='ltr'>profundae.</span> 
     </span>
     <span class='ocr_line' id='line_1_25' title="bbox 297 2315 1006 2395; baseline 0.001 -20"><span class='ocrx_word' id='word_1_152' title='bbox 297 2316 388 2376; x_wconf 87' lang='lat' dir='ltr'>audiit</span> <span class='ocrx_word' id='word_1_153' title='bbox 403 2333 433 2376; x_wconf 92' lang='lat' dir='ltr'>et</span> <span class='ocrx_word' id='word_1_154' title='bbox 448 2317 569 2376; x_wconf 90' lang='lat' dir='ltr'>Triviae</span> <span class='ocrx_word' id='word_1_155' title='bbox 583 2318 671 2395; x_wconf 90' lang='lat' dir='ltr'>longe</span> <span class='ocrx_word' id='word_1_156' title='bbox 685 2319 784 2385; x_wconf 90' lang='lat' dir='ltr'>lacus;</span> <span class='ocrx_word' id='word_1_157' title='bbox 805 2315 899 2377; x_wconf 90' lang='lat' dir='ltr'>audiit</span> <span class='ocrx_word' id='word_1_158' title='bbox 914 2317 1006 2377; x_wconf 86' lang='lat' dir='ltr'>amnis</span> 
     </span>
     <span class='ocr_line' id='line_1_26' title="bbox 296 2393 990 2478; baseline 0.003 -24"><span class='ocrx_word' id='word_1_159' title='bbox 296 2397 430 2475; x_wconf 86' lang='lat' dir='ltr'>sulpurea</span> <span class='ocrx_word' id='word_1_160' title='bbox 446 2399 509 2456; x_wconf 89' lang='lat' dir='ltr'>Nar</span> <span class='ocrx_word' id='word_1_161' title='bbox 524 2399 606 2458; x_wconf 89' lang='lat' dir='ltr'>albus</span> <span class='ocrx_word' id='word_1_162' title='bbox 621 2419 694 2478; x_wconf 86' lang='lat' dir='ltr'>aqua</span> <span class='ocrx_word' id='word_1_163' title='bbox 708 2398 863 2478; x_wconf 86' lang='lat' dir='ltr'>fontesque</span> <span class='ocrx_word' id='word_1_164' title='bbox 877 2393 990 2471; x_wconf 87' lang='lat' dir='ltr'>Velini,</span> 
     </span>
     <span class='ocr_line' id='line_1_27' title="bbox 296 2478 1023 2558; baseline 0.003 -22"><span class='ocrx_word' id='word_1_165' title='bbox 296 2493 326 2537; x_wconf 92' lang='lat' dir='ltr'>et</span> <span class='ocrx_word' id='word_1_166' title='bbox 339 2478 469 2556; x_wconf 90' lang='lat' dir='ltr'>trepidae</span> <span class='ocrx_word' id='word_1_167' title='bbox 484 2495 589 2538; x_wconf 88' lang='lat' dir='ltr'>matres</span> <span class='ocrx_word' id='word_1_168' title='bbox 603 2497 731 2558; x_wconf 87' lang='lat' dir='ltr'>pressere</span> <span class='ocrx_word' id='word_1_169' title='bbox 745 2479 783 2538; x_wconf 93' lang='lat' dir='ltr'>ad</span> <span class='ocrx_word' id='word_1_170' title='bbox 796 2495 916 2557; x_wconf 88' lang='lat' dir='ltr'>pectora</span> <span class='ocrx_word' id='word_1_171' title='bbox 930 2495 1023 2539; x_wconf 86' lang='lat' dir='ltr'>natos.</span> 
     </span>
     <span class='ocr_line' id='line_1_28' title="bbox 296 2558 1082 2639; baseline 0.005 -23"><span class='ocrx_word' id='word_1_172' title='bbox 296 2573 359 2617; x_wconf 89' lang='lat' dir='ltr'>tum</span> <span class='ocrx_word' id='word_1_173' title='bbox 373 2579 443 2618; x_wconf 86' lang='lat' dir='ltr'>vero</span> <span class='ocrx_word' id='word_1_174' title='bbox 457 2559 494 2618; x_wconf 92' lang='lat' dir='ltr'>ad</span> <span class='ocrx_word' id='word_1_175' title='bbox 508 2580 609 2619; x_wconf 88' lang='lat' dir='ltr'>vocem</span> <span class='ocrx_word' id='word_1_176' title='bbox 624 2559 742 2633; x_wconf 87' lang='lat' dir='ltr'>celeres,</span> <span class='ocrx_word' id='word_1_177' title='bbox 757 2579 813 2639; x_wconf 92' lang='lat' dir='ltr'>qua</span> <span class='ocrx_word' id='word_1_178' title='bbox 835 2558 943 2620; x_wconf 87' lang='lat' dir='ltr'>bucina</span> <span class='ocrx_word' id='word_1_179' title='bbox 967 2559 1082 2636; x_wconf 82' lang='lat' dir='ltr'>signum</span> 
     </span>
     <span class='ocr_line' id='line_1_29' title="bbox 295 2639 1162 2718; baseline 0.003 -22"><span class='ocrx_word' id='word_1_180' title='bbox 295 2639 357 2698; x_wconf 91' lang='lat' dir='ltr'>dira</span> <span class='ocrx_word' id='word_1_181' title='bbox 372 2639 464 2712; x_wconf 88' lang='lat' dir='ltr'>dedit,</span> <span class='ocrx_word' id='word_1_182' title='bbox 479 2640 568 2718; x_wconf 90' lang='lat' dir='ltr'>raptis</span> <span class='ocrx_word' id='word_1_183' title='bbox 583 2655 764 2700; x_wconf 88' lang='lat' dir='ltr'>concurrunt</span> <span class='ocrx_word' id='word_1_184' title='bbox 778 2639 908 2718; x_wconf 89' lang='lat' dir='ltr'>undique</span> <span class='ocrx_word' id='word_1_185' title='bbox 925 2639 990 2700; x_wconf 91' lang='lat' dir='ltr'>telis</span> <span class='ocrx_word' id='word_1_186' title='bbox 1124 2669 1162 2708; x_wconf 77' lang='lat'>520</span> 
     </span>
     <span class='ocr_line' id='line_1_30' title="bbox 295 2716 1020 2801; baseline 0.006 -25"><span class='ocrx_word' id='word_1_187' title='bbox 295 2719 432 2779; x_wconf 88' lang='lat' dir='ltr'>indomiti</span> <span class='ocrx_word' id='word_1_188' title='bbox 447 2720 612 2796; x_wconf 83' lang='lat' dir='ltr'>agricolae3</span> <span class='ocrx_word' id='word_1_189' title='bbox 633 2739 688 2780; x_wconf 86' lang='lat' dir='ltr'>nec</span> <span class='ocrx_word' id='word_1_190' title='bbox 704 2738 764 2780; x_wconf 90' lang='lat' dir='ltr'>non</span> <span class='ocrx_word' id='word_1_191' title='bbox 780 2737 809 2780; x_wconf 91' lang='lat' dir='ltr'>et</span> <span class='ocrx_word' id='word_1_192' title='bbox 824 2721 915 2780; x_wconf 86' lang='lat' dir='ltr'>Troia</span> <span class='ocrx_word' id='word_1_193' title='bbox 929 2716 1020 2801; x_wconf 83' lang='lat' dir='ltr'>pubes</span> 
     </span>
     <span class='ocr_line' id='line_1_31' title="bbox 294 2799 961 2880; baseline 0.004 -22"><span class='ocrx_word' id='word_1_194' title='bbox 294 2800 421 2858; x_wconf 86' lang='lat' dir='ltr'>Ascanio</span> <span class='ocrx_word' id='word_1_195' title='bbox 436 2799 577 2859; x_wconf 82' lang='lat' dir='ltr'>auxilium</span> <span class='ocrx_word' id='word_1_196' title='bbox 592 2801 690 2860; x_wconf 88' lang='lat' dir='ltr'>castris</span> <span class='ocrx_word' id='word_1_197' title='bbox 705 2801 831 2860; x_wconf 90' lang='lat' dir='ltr'>effundit</span> <span class='ocrx_word' id='word_1_198' title='bbox 845 2802 961 2880; x_wconf 87' lang='lat' dir='ltr'>apertis.</span> 
     </span>
     <span class='ocr_line' id='line_1_32' title="bbox 295 2879 1013 2960; baseline 0.003 -22"><span class='ocrx_word' id='word_1_199' title='bbox 295 2879 434 2940; x_wconf 85' lang='lat' dir='ltr'>detexere</span> <span class='ocrx_word' id='word_1_200' title='bbox 449 2881 535 2940; x_wconf 88' lang='lat' dir='ltr'>acies.</span> <span class='ocrx_word' id='word_1_201' title='bbox 577 2897 636 2939; x_wconf 90' lang='lat' dir='ltr'>non</span> <span class='ocrx_word' id='word_1_202' title='bbox 651 2881 709 2941; x_wconf 87' lang='lat' dir='ltr'>iam</span> <span class='ocrx_word' id='word_1_203' title='bbox 724 2881 885 2942; x_wconf 88' lang='lat' dir='ltr'>certamine</span> <span class='ocrx_word' id='word_1_204' title='bbox 899 2881 1013 2960; x_wconf 88' lang='lat' dir='ltr'>agresti,</span> 
     </span>
     <span class='ocr_line' id='line_1_33' title="bbox 295 2959 979 3042; baseline 0.006 -26"><span class='ocrx_word' id='word_1_205' title='bbox 295 2959 442 3036; x_wconf 90' lang='lat' dir='ltr'>stipitibus</span> <span class='ocrx_word' id='word_1_206' title='bbox 457 2961 535 3020; x_wconf 91' lang='lat' dir='ltr'>duris</span> <span class='ocrx_word' id='word_1_207' title='bbox 550 2961 645 3038; x_wconf 86' lang='lat' dir='ltr'>agitur</span> <span class='ocrx_word' id='word_1_208' title='bbox 658 2962 813 3022; x_wconf 87' lang='lat' dir='ltr'>sudibusve</span> <span class='ocrx_word' id='word_1_209' title='bbox 826 2959 979 3042; x_wconf 89' lang='lat' dir='ltr'>praeustis,</span> 
     </span>
     <span class='ocr_line' id='line_1_34' title="bbox 295 3039 963 3123; baseline 0.009 -27"><span class='ocrx_word' id='word_1_210' title='bbox 295 3039 344 3097; x_wconf 89' lang='lat' dir='ltr'>sed</span> <span class='ocrx_word' id='word_1_211' title='bbox 359 3041 435 3099; x_wconf 86' lang='lat' dir='ltr'>ferro</span> <span class='ocrx_word' id='word_1_212' title='bbox 449 3041 569 3121; x_wconf 90' lang='lat' dir='ltr'>ancipiti</span> <span class='ocrx_word' id='word_1_213' title='bbox 585 3043 757 3116; x_wconf 87' lang='lat' dir='ltr'>decernunt,</span> <span class='ocrx_word' id='word_1_214' title='bbox 772 3059 890 3123; x_wconf 89' lang='lat' dir='ltr'>atraque</span> <span class='ocrx_word' id='word_1_215' title='bbox 905 3045 963 3103; x_wconf 85' lang='lat' dir='ltr'>late</span> 
     </span>
     <span class='ocr_line' id='line_1_35' title="bbox 294 3120 1054 3204; baseline 0.008 -27"><span class='ocrx_word' id='word_1_216' title='bbox 294 3120 435 3180; x_wconf 83' lang='lat' dir='ltr'>humescit</span> <span class='ocrx_word' id='word_1_217' title='bbox 449 3123 554 3181; x_wconf 88' lang='lat' dir='ltr'>strictis</span> <span class='ocrx_word' id='word_1_218' title='bbox 568 3142 645 3199; x_wconf 87' lang='lat' dir='ltr'>seges</span> <span class='ocrx_word' id='word_1_219' title='bbox 661 3123 786 3197; x_wconf 90' lang='lat' dir='ltr'>ensibus,</span> <span class='ocrx_word' id='word_1_220' title='bbox 802 3142 925 3204; x_wconf 86' lang='lat' dir='ltr'>aeraque</span> <span class='ocrx_word' id='word_1_221' title='bbox 939 3123 1054 3202; x_wconf 88' lang='lat' dir='ltr'>fulgent</span> 
     </span>
     <span class='ocr_line' id='line_1_36' title="bbox 295 3198 980 3264; baseline 0.01 -8"><span class='ocrx_word' id='word_1_222' title='bbox 295 3198 355 3258; x_wconf 92' lang='lat' dir='ltr'>sole</span> <span class='ocrx_word' id='word_1_223' title='bbox 369 3201 498 3262; x_wconf 89' lang='lat' dir='ltr'>lacessita</span> <span class='ocrx_word' id='word_1_224' title='bbox 514 3218 543 3263; x_wconf 92' lang='lat' dir='ltr'>et</span> <span class='ocrx_word' id='word_1_225' title='bbox 556 3203 654 3263; x_wconf 91' lang='lat' dir='ltr'>lucem</span> <span class='ocrx_word' id='word_1_226' title='bbox 668 3205 721 3263; x_wconf 87' lang='lat' dir='ltr'>sub</span> <span class='ocrx_word' id='word_1_227' title='bbox 737 3205 837 3264; x_wconf 90' lang='lat' dir='ltr'>nubila</span> <span class='ocrx_word' id='word_1_228' title='bbox 852 3203 980 3264; x_wconf 90' lang='lat' dir='ltr'>iactant:</span> 
     </span>
     <span class='ocr_line' id='line_1_37' title="bbox 294 3277 1034 3362; baseline 0.008 -25"><span class='ocrx_word' id='word_1_229' title='bbox 294 3277 399 3339; x_wconf 90' lang='lat' dir='ltr'>fluctus</span> <span class='ocrx_word' id='word_1_230' title='bbox 414 3281 457 3340; x_wconf 90' lang='lat' dir='ltr'>uti</span> <span class='ocrx_word' id='word_1_231' title='bbox 470 3283 567 3361; x_wconf 89' lang='lat' dir='ltr'>primo</span> <span class='ocrx_word' id='word_1_232' title='bbox 582 3283 679 3362; x_wconf 89' lang='lat' dir='ltr'>coepit</span> <span class='ocrx_word' id='word_1_233' title='bbox 693 3305 760 3344; x_wconf 92' lang='lat' dir='ltr'>cum</span> <span class='ocrx_word' id='word_1_234' title='bbox 776 3285 921 3345; x_wconf 90' lang='lat' dir='ltr'>albescere</span> <span class='ocrx_word' id='word_1_235' title='bbox 936 3299 1034 3358; x_wconf 86' lang='lat' dir='ltr'>vento,</span> 
     </span>
    </p>

    <p class='ocr_par' dir='ltr' id='par_1_3' title="bbox 396 3373 1017 3444">
     <span class='ocr_line' id='line_1_38' title="bbox 396 3373 1017 3444; baseline 0.008 -21"><span class='ocrx_word' id='word_1_236' title='bbox 396 3387 442 3438; x_wconf 84' lang='lat'>50²</span> <span class='ocrx_word' id='word_1_237' title='bbox 459 3373 563 3438; x_wconf 80' lang='lat' dir='ltr'>replevit.</span> <span class='ocrx_word' id='word_1_238' title='bbox 630 3389 677 3441; x_wconf 81' lang='lat'>5¹4</span> <span class='ocrx_word' id='word_1_239' title='bbox 694 3377 804 3430; x_wconf 81' lang='lat' dir='ltr'>incendit.</span> <span class='ocrx_word' id='word_1_240' title='bbox 872 3379 918 3444; x_wconf 77' lang='lat'>528</span> <span class='ocrx_word' id='word_1_241' title='bbox 936 3385 1017 3440; x_wconf 85' lang='lat' dir='ltr'>ponto.</span> 
     </span>
    </p>
   </div>
   <div class='ocr_carea' id='block_1_3' title="bbox 0 0 1288 4114">
    <p class='ocr_par' dir='ltr' id='par_1_4' title="bbox 0 0 1288 4114">
     <span class='ocr_line' id='line_1_39' title="bbox 0 0 1288 4114; baseline 0 2"><span class='ocrx_word' id='word_1_242' title='bbox 0 0 1288 4114; x_wconf 95' lang='lat' dir='ltr'> </span> 
     </span>
    </p>
   </div>
  </div>
 </body>
</html>
