2568 4138
409 319 576 368 AENEIDOS
594 319 657 369 LIB.
674 321 725 368 XII

158 448 266 508 sidereo
280 447 402 526 flagrans
416 449 511 526 clipeo
526 464 554 507 et
569 449 739 508 caelestibus
754 449 846 522 armis,

158 545 188 588 et
203 529 283 587 iuxta
295 529 444 600 Ascanius,
460 549 578 606 magnae
592 549 654 607 spes
669 529 757 588 altera
772 530 890 603 Romae,

158 609 319 688 procedunt
333 609 439 682 castris,
454 631 582 688 puraque
597 610 628 668 in
642 625 720 668 veste
735 610 865 669 sacerdos

159 690 288 766 saetigeri
303 691 396 749 fetum
411 711 467 750 suis
482 691 685 769 intonsamque
698 690 847 749 bidentem
983 723 1021 761 170

158 771 265 840 attulit,
281 771 463 851 admovitque
477 793 565 850 pecus
580 771 764 848 flagrantibus
778 771 842 830 aris.

158 851 202 909 illi
218 853 253 910 ad
268 867 430 927 surgentem
446 851 575 911 conversi
590 853 700 912 lumina
715 853 805 911 solem

158 931 229 990 dant
243 933 337 1008 fruges
351 933 484 992 manibus
499 934 590 1005 salsas,
605 947 635 991 et
650 947 778 1010 tempora
793 933 867 991 ferro

159 1033 269 1072 summa
283 1029 386 1072 notant
397 1013 553 1090 pecudum,
568 1013 730 1091 paterisque
745 1014 844 1072 altaria
859 1013 961 1072 libant.

159 1107 221 1151 tum
236 1093 300 1171 pius
315 1094 428 1152 Aeneas
441 1094 542 1153 stricto
556 1095 596 1152 sic
611 1113 678 1152 ense
693 1109 845 1171 precatur:

138 1179 220 1231 ‘esto
234 1194 314 1232 nunc
329 1175 370 1231 sol
386 1174 464 1232 testis
479 1189 508 1232 et
522 1177 593 1233 haec
609 1175 682 1232 mihi
697 1189 771 1232 terra
785 1175 909 1246 vocanti,
951 1245 953 1249 ,

159 1274 245 1332 quam
261 1270 377 1331 propter
391 1269 485 1313 tantos
499 1255 580 1332 potui
596 1255 721 1333 perferre
736 1255 855 1326 labores,

159 1349 189 1392 et
204 1334 289 1392 Pater
300 1335 494 1412 omnipotens,
510 1351 539 1394 et
553 1349 584 1394 tu
602 1335 735 1394 Saturnia
749 1335 887 1407 coniunx,

158 1415 215 1472 iam
227 1414 339 1486 melior,
351 1415 418 1486 iam,
433 1416 505 1489 diva,
520 1437 622 1495 precor
634 1440 643 1483 3
665 1422 755 1496 tuque
769 1417 881 1475 inclute
895 1417 1019 1488 Mavors,
1104 1456 1106 1460 »

157 1512 264 1555 cuncta
279 1510 330 1554 tuo
344 1495 393 1575 qui
409 1497 494 1568 bella,
508 1513 598 1574 pater,
615 1498 668 1556 sub
683 1497 804 1555 numine
820 1511 934 1575 torques
948 1522 957 1567 ;
985 1515 1022 1554 180

157 1577 310 1656 fontesque
324 1575 483 1656 fluviosque
496 1599 577 1651 voco,
593 1599 724 1657 quaeque
738 1577 862 1637 aetheris
876 1577 926 1636 alti

156 1658 265 1734 religio,
281 1675 310 1716 et
325 1679 397 1738 quae
413 1661 548 1718 caeruleo
563 1675 631 1718 sunt
647 1659 768 1717 numina
782 1674 894 1735 ponto:

156 1739 273 1798 cesserit
286 1740 415 1798 Ausonio
430 1741 452 1797 si
467 1740 524 1797 fors
539 1740 660 1797 victoria
675 1739 790 1810 Turno,

157 1819 295 1877 convenit
310 1819 436 1877 Euandri
451 1819 543 1876 victos
557 1818 707 1876 discedere
722 1818 757 1876 ad
772 1819 895 1888 urbem;

157 1899 242 1958 cedet
256 1898 338 1956 Iulus
353 1899 445 1972 agris;
466 1903 520 1956 n'ec
535 1911 600 1974 post
616 1917 691 1954 arma
707 1897 766 1955 ulla
780 1898 904 1956 rebelles

156 1977 311 2039 Aeneadae
325 1979 458 2050 referent,
475 1978 584 2036 ferrove
598 1979 670 2035 haec
686 1997 772 2054 regna
787 1979 936 2036 lacessent.

157 2059 201 2118 sin
216 2071 346 2116 nostrum
360 2058 494 2116 adnuerit
509 2058 591 2116 nobis
606 2057 728 2116 victoria
744 2059 923 2132 Martem,-

158 2155 190 2198 ut
204 2137 301 2216 potius
316 2157 388 2210 reor,
404 2155 433 2196 et
448 2138 543 2215 potius
558 2139 587 2196 di
602 2139 724 2197 numine
739 2139 897 2198 firment-

157 2240 217 2279 non
233 2238 286 2294 ego
300 2239 354 2277 nee
369 2219 492 2277 Teucris
508 2219 595 2277 Italos
610 2239 708 2296 parere
722 2219 839 2290 iubebo,

158 2321 212 2360 nec
228 2300 299 2358 mihi
313 2319 400 2375 regna
413 2315 501 2378 peto;
521 2299 636 2379 paribus
651 2319 680 2358 se
695 2300 805 2374 legibus
820 2301 919 2360 ambae
985 2331 1022 2372 ιφ

156 2381 282 2440 invictae
296 2396 395 2457 gentes
410 2399 525 2440 aeterna
538 2381 569 2438 in
584 2381 698 2439 foedera
713 2380 839 2440 mittant.

157 2483 233 2521 sacra
247 2462 372 2541 deosque
387 2463 478 2530 dabo;
500 2481 580 2521 socer
594 2482 671 2520 arma
686 2462 807 2520 Latinus
822 2462 937 2532 habeto,

157 2543 311 2621 imperium
327 2544 468 2602 sollemne
483 2562 564 2602 socer
573 2568 582 2614 ;
603 2543 675 2601 milri
691 2543 805 2601 moenia
821 2542 930 2600 Teucri

157 2624 344 2695 constituent,
361 2624 482 2702 urbique
496 2624 577 2682 dabit
591 2623 711 2682 Lavinia
726 2621 853 2682 nomen.’

158 2703 198 2762 sic
213 2704 291 2781 prior
304 2706 434 2775 Aeneas3
456 2705 585 2781 sequitur
599 2704 639 2762 sic
653 2704 761 2763 deinde
775 2703 907 2775 Latinus,

157 2783 315 2861 suspiciens
330 2785 444 2843 caelum
460 2783 612 2862 tenditque
627 2785 663 2843 ad
677 2785 769 2844 sidera
784 2786 933 2843 dextram:

139 2867 228 2924 ‘haec
243 2864 352 2938 eadem,
366 2867 474 2936 Aenea,
490 2881 603 2936 terram,
618 2886 704 2938 mare,
719 2865 820 2936 sidera,
835 2866 906 2936 iuro,

157 2946 344 3023 Latonaeque
357 2967 447 3022 genus
461 2946 579 3024 duplex,
595 2948 756 3024 Ianumque
771 2945 936 3017 bifrontem,

157 3026 274 3105 vimque
289 3027 376 3085 deum
391 3027 533 3086 infernam
549 3041 579 3086 et
593 3027 656 3087 duri
671 3027 789 3086 sacraria
802 3026 898 3099 Ditis3

157 3107 255 3166 audiat
269 3109 339 3166 haec
355 3108 489 3178 Genitor,
503 3107 553 3186 qui
569 3108 682 3168 foedera
698 3108 821 3167 fulmine
836 3109 936 3168 sancit.
983 3139 1020 3168 ιω

158 3203 244 3263 tango
258 3207 329 3260 aras,
343 3189 452 3248 medios
467 3189 546 3265 ignes
562 3203 591 3247 et
606 3189 727 3248 numina
742 3203 847 3250 testor:

59 3315 62 3322 .
158 3269 238 3327 nulla
252 3269 313 3328 dies
328 3289 427 3347 pacem
442 3272 518 3329 hanc
533 3269 614 3328 Italis
629 3291 683 3329 nee
699 3270 813 3332 foedera
825 3285 948 3348 rumpet,

486 3364 529 3414 188
548 3364 652 3414 numina.
