2568 4138
247 361 295 412 304
518 343 546 392 P.
563 343 706 392 VERGILI
724 342 883 392 MARONIS

285 475 355 534 hine
371 495 485 553 quoque
499 473 670 552 quingentos
685 473 715 531 in
729 493 758 532 se
774 473 941 532 Mezentius
954 490 1054 547 armat,

286 577 355 635 quos
369 571 450 632 patre
466 555 581 614 Benaco
594 555 703 614 velatus
718 554 878 614 harundine
893 556 994 632 glauca

286 637 418 695 Mincius
431 636 535 695 infesta
548 631 693 695 ducebat
685 656 716 694 ιιι
731 656 852 714 aequora
866 637 948 712 pinu.

286 718 309 777 it
322 717 413 794 gravis
426 717 571 787 Aulestes,
584 732 764 795 centenaque
778 716 878 775 arbore
892 715 1016 777 fluctum

286 799 416 858 verberat
430 799 581 874 adsurgens
592 820 603 865 3
623 811 759 875 spumant
771 797 842 856 vada
855 816 995 857 marmore
1009 819 1099 860 verso.

285 882 365 940 hunc
380 879 460 938 vehit
473 877 597 938 inmanis
612 877 720 936 Triton
735 894 764 937 et
778 878 892 937 caerula
905 880 1018 937 concha

286 976 431 1020 exterrens
445 959 516 1018 freta
528 982 538 1028 3
559 957 607 1018 cui
621 959 743 1018 laterum
757 973 840 1018 tenus
854 959 967 1037 hispida
978 960 1061 1018 nanti
1121 993 1161 1020 ιω

285 1044 364 1100 frons
377 1041 526 1100 hominem
540 1040 673 1118 praefert,
686 1039 717 1097 in
732 1039 843 1117 pristim
858 1039 962 1098 desinit
976 1041 1057 1102 alvus
1070 1065 1079 1111 ;

287 1142 403 1200 spumea
417 1121 549 1181 semifero
563 1121 615 1180 sub
629 1136 748 1199 pectore
762 1137 922 1180 murmurat
936 1121 1022 1180 unda.

286 1218 328 1261 tot
343 1203 411 1262 lecti
426 1222 557 1280 proceres
572 1218 615 1261 ter
628 1201 712 1260 denis
725 1201 846 1260 navibus
860 1200 941 1260 ibant

286 1283 412 1342 subsidio
426 1283 543 1354 Troiae,
558 1299 587 1342 et
601 1303 717 1360 campos
732 1282 796 1341 salis
811 1303 875 1341 aere
890 1283 1034 1342 secabant.

327 1364 441 1441 iamque
455 1364 515 1422 dies
529 1364 611 1422 caelo
625 1378 811 1435 concesserat,
828 1364 959 1442 almaque
974 1384 1060 1423 curru

285 1443 437 1519 noctivago
451 1443 567 1502 Phoebe
582 1444 711 1502 medium
725 1444 856 1521 pulsabat
870 1444 1032 1522 Olympum
1046 1468 1054 1504 ι

285 1525 532 1601 Aeneas-neque
547 1524 627 1582 enim
641 1523 778 1582 membris
792 1524 840 1584 dat
854 1544 923 1583 cura
922 1525 1107 1619 ¹quietem--

285 1604 345 1683 ipse
360 1605 459 1662 sedens
473 1604 645 1696 clavumque
658 1604 733 1681 regit
747 1604 874 1684 velisque
888 1605 1040 1665 ministrat.

285 1700 369 1764 atque
384 1685 428 1743 illi
442 1683 560 1743 medio
552 1705 583 1743 ιιι
598 1685 689 1762 spatio
703 1687 816 1756 chorus,
832 1706 912 1757 ecee,
927 1707 1041 1746 suarum

284 1766 411 1825 occurrit
425 1765 586 1836 comitum;
607 1765 774 1843 Nymphae,
788 1787 856 1845 quas
871 1767 945 1826 alma
960 1767 1080 1844 Cybebe
1121 1799 1158 1827 ιω

284 1868 394 1906 numen
408 1847 513 1905 habere
527 1845 611 1906 maris
625 1846 833 1926 Nymphasque
848 1867 864 1906 e
878 1847 998 1906 navibus
1012 1869 1070 1908 esse

284 1928 410 2000 iusserat,
426 1928 565 1987 innabant
578 1927 684 2006 pariter
698 1927 861 2007 fluctusque
876 1929 1020 2000 secabant,

284 2025 357 2088 quot
370 2009 447 2086 prius
461 2024 569 2068 aeratae
584 2024 721 2068 steterant
735 2009 769 2068 ad
783 2009 866 2068 litora
880 2029 989 2087 prorae.

285 2089 464 2166 adgnoscunt
478 2089 561 2164 longe
576 2109 683 2165 regem,
698 2090 876 2169 lustrantque
891 2090 1011 2149 choreis.

284 2190 404 2249 quarum
419 2191 492 2249 quae
506 2170 584 2230 fandi
598 2170 761 2230 doctissima
775 2171 971 2248 Cymodocea,

284 2271 360 2330 pone
375 2271 494 2331 sequens
509 2250 608 2310 dextra
609 2251 743 2345 puppim
758 2267 848 2324 tenet,
862 2251 979 2330 ipsaque
994 2253 1077 2312 dorso

285 2332 403 2404 eminet,
419 2353 452 2391 ae
467 2333 546 2390 laeva
561 2333 655 2391 tacitis
670 2332 842 2409 subremigat
856 2333 949 2391 undis.

285 2429 348 2472 tum
363 2413 404 2472 sic
419 2413 552 2489 ignarum
566 2412 749 2490 adloquitur:
773 2413 939 2490 ‘vigilasne,
952 2414 1039 2474 deum
1055 2434 1135 2490 gens,

283 2495 405 2552 Aenea?
446 2494 543 2570 vigila,
558 2509 586 2553 et
600 2493 694 2552 velis
686 2493 802 2552 inmitte
816 2494 961 2554 rudentes.

284 2594 336 2633 nos
350 2595 455 2645 sumus,
471 2574 573 2632 Idaeae
587 2595 665 2633 sacro
679 2574 716 2632 de
731 2573 839 2634 vertice
853 2574 950 2653 pinus,
1119 2607 1156 2645 ῳ

284 2677 364 2715 nune
379 2655 471 2734 pelagi
487 2655 652 2732 Nymphae,
667 2654 763 2713 classis
777 2671 835 2716 tua.
876 2656 1002 2732 perfidus
1016 2672 1049 2717 ut
1064 2677 1116 2716 nos

284 2735 453 2814 praecipites
468 2735 543 2794 ferro
557 2736 683 2794 Rutulus
697 2735 870 2815 flammaque
884 2737 1042 2814 premebat,

284 2817 412 2895 rupimus
426 2815 533 2875 invitae
548 2831 597 2875 tua
610 2817 736 2889 vincula,
751 2834 838 2896 teque
852 2839 903 2894 per
917 2837 1023 2896 aequor

284 2898 455 2976 quaerimus.
496 2899 571 2956 hanc
586 2896 730 2956 Genetrix
746 2898 849 2957 faciem
863 2897 994 2956 miserata
1007 2899 1124 2971 refecit,

285 2993 314 3036 et
327 2978 407 3037 dedit
421 2998 480 3037 esse
494 2979 568 3049 deas,
583 2997 743 3058 aevumque
757 2979 861 3055 agitare
876 2979 928 3039 sub
943 2979 1038 3040 undis.

285 3074 313 3117 at
327 3079 398 3135 puer
411 3059 551 3118 Ascanius
565 3079 648 3117 muro
661 3059 799 3138 fossisque
813 3075 927 3119 tenetur

284 3139 341 3198 tela
355 3139 429 3198 inter
443 3140 537 3199 media
551 3155 636 3217 atque
650 3141 797 3199 horrentes
813 3139 910 3200 Marte
924 3140 1056 3202 Latinos.

284 3219 341 3277 iam
356 3220 419 3277 loca
432 3219 506 3279 iussa
520 3236 600 3280 tenet
614 3220 680 3278 forti
694 3220 854 3298 permixtus
869 3222 991 3281 Etrusco

283 3301 371 3358 Arcas
386 3319 481 3378 eques.
524 3301 632 3360 medias
646 3300 704 3360 illis
718 3322 866 3379 opponere
882 3319 999 3373 turmas,

495 3408 542 3459 223
561 3411 651 3458 puppes.
725 3409 771 3458 237
789 3397 901 3446 ardentes.
947 3407 949 3415 ’
