2556 4116
414 393 614 442 GEORGICON
631 395 694 443 LIB.
711 397 724 442 I

152 540 253 602 terque
267 543 353 580 novas
368 521 479 580 circum
494 523 564 580 felix
581 537 627 582 eat
641 523 733 582 hostia
748 525 852 602 fruges,

151 605 245 664 omnis
261 624 347 681 quam
362 604 466 662 chorus
483 621 511 662 et
525 604 595 662 socii
611 605 787 664 comitentur
800 625 927 681 ovantes,

152 702 180 745 et
196 686 336 743 Cererem
351 684 476 742 clamore
491 701 597 744 vocent
610 685 641 743 in
658 701 758 758 tecta;
778 708 874 767 neque
889 705 954 748 ante

151 767 257 825 falcem
272 765 388 824 maturis
404 765 553 845 quisquam
568 783 709 846 supponat
724 767 823 841 aristis,

151 867 238 926 quam
254 845 355 905 Cereri
370 862 444 904 torta
457 847 608 906 redimitus
624 865 753 942 tempora
767 871 875 930 quercu

152 928 201 987 det
217 943 310 986 motus
324 927 529 1005 incompositos
544 945 572 987 et
587 929 715 988 carmina
730 930 817 989 dicat.
983 962 1021 1004 3⁵0

192 1024 277 1088 atque
292 1010 364 1068 haec
380 1025 411 1067 ut
426 1009 510 1068 certis
525 1031 671 1088 possemus
687 1008 829 1070 discere
810 1012 904 1088 signis,

152 1106 300 1168 aestusque
313 1089 483 1170 pluviasque
498 1105 528 1148 et
543 1106 659 1166 agentes
674 1091 777 1167 frigora
791 1108 900 1165 ventos,

151 1171 212 1249 ipse
229 1172 312 1229 Pater
326 1171 433 1244 statuit,
449 1171 518 1252 quid
533 1187 679 1231 menstrua
693 1173 763 1231 luna
777 1190 917 1246 moneret,

152 1274 208 1330 quo
223 1251 304 1328 signo
319 1251 456 1311 caderent
469 1252 566 1311 Austri
569 1253 663 1332 ,quid
677 1275 759 1331 saepe
774 1254 905 1312 videntes

152 1333 291 1408 agricolae
305 1333 422 1411 propius
440 1334 556 1392 stabulis
570 1349 699 1393 armenta
714 1351 856 1394 tenerent.

151 1415 291 1472 continuo
306 1414 399 1473 ventis
414 1414 595 1492 surgentibus
611 1431 660 1473 aut
673 1416 746 1474 freta
759 1416 843 1496 ponti

152 1495 299 1573 incipiunt
314 1495 418 1570 agitata
433 1511 592 1555 tumescere
608 1512 636 1554 et
652 1496 745 1556 aridus
761 1497 825 1555 altis

151 1576 296 1634 montibus
310 1576 403 1634 audiri
419 1575 521 1653 fragor,
538 1594 586 1637 aut
601 1576 764 1636 resonantia
778 1577 863 1654 longe

151 1657 233 1715 litora
248 1657 363 1715 misceri
379 1674 408 1715 et
424 1678 577 1717 nemorum
592 1657 804 1717 increbrescere
819 1678 958 1718 murmur.

150 1737 206 1795 iam
221 1738 275 1796 sibi
291 1754 354 1797 tum
368 1738 463 1797 curvis
477 1740 552 1797 male
569 1754 710 1816 temperat
725 1739 801 1797 unda
816 1739 930 1812 carinis,
982 1757 1020 1806 360

152 1840 217 1879 cum
232 1817 329 1878 medio
344 1820 451 1878 celeres
466 1820 597 1878 revolant
612 1840 647 1877 ex
662 1839 786 1898 aequore
802 1819 891 1895 mergi

152 1901 364 1992 clamoremque
379 1901 476 1960 ferunt
492 1900 527 1957 ad
542 1900 635 1972 litora,
652 1920 778 1979 cumque
793 1899 920 1958 marinae

151 1981 179 2038 in
195 1981 272 2039 sicco
287 1981 393 2040 ludunt
406 1979 522 2054 fulicae,
538 1997 674 2061 notasque
688 1981 807 2060 paludes

151 2062 253 2121 deserit
269 2079 354 2140 atque
369 2063 455 2120 altam
471 2083 555 2142 supra
568 2065 644 2120 volat
659 2063 743 2121 ardea
758 2062 875 2122 nubem.

152 2163 231 2220 saepe
246 2143 335 2201 etiam
351 2143 445 2202 stellas
461 2159 548 2201 vento
563 2143 741 2221 inpendente
756 2144 867 2203 videbis

151 2223 319 2301 praecipites
335 2224 414 2282 caelo
428 2223 496 2296 labi,
513 2223 663 2302 noctisque
678 2245 730 2300 per
745 2225 876 2283 umbram

152 2303 330 2364 flammarum
345 2305 442 2380 longos
458 2327 474 2362 a
491 2320 571 2380 tergo
587 2303 730 2362 albescere
746 2319 850 2363 tractus
863 2329 873 2372 3

152 2406 233 2463 saepe
247 2388 343 2444 levem
356 2387 469 2478 paleam
484 2401 512 2443 et
528 2383 642 2443 frondes
657 2384 778 2442 volitare
793 2385 923 2456 caducas,

152 2482 200 2524 aut
214 2488 325 2525 summa
340 2482 440 2526 nantes
455 2467 486 2524 in
502 2488 574 2560 aqua
589 2465 737 2525 colludere
751 2465 873 2544 plumas

151 2563 179 2606 at
194 2547 303 2606 Boreae
318 2549 352 2606 de
367 2565 447 2626 parte
462 2547 549 2606 trucis
565 2567 633 2606 cum
647 2545 795 2638 fulminat,
808 2561 919 2604 etcum
981 2575 1019 2614 370

152 2628 279 2707 Eurique
294 2629 481 2709 Zephyrique
497 2643 577 2688 tonat
592 2629 703 2701 domus,
717 2625 813 2685 omnia
827 2626 921 2705 plenis

151 2730 214 2768 rura
228 2725 330 2768 natant
345 2710 434 2783 fossis,
450 2725 535 2788 atque
550 2709 644 2768 omnis
660 2709 756 2768 navita
770 2723 860 2786 ponto

153 2790 248 2848 umida
263 2791 327 2848 vela
342 2791 422 2868 legit.
465 2811 624 2870 numquam
640 2789 862 2868 inprudentibus
877 2788 969 2848 imber

151 2870 264 2931 obfuit:
287 2888 335 2930 aut
350 2873 434 2930 illum
449 2888 613 2950 surgentem
627 2869 773 2930 vallibus
765 2869 829 2928 rmis

152 2952 241 3010 aeriae
258 2953 356 3028 fugere
370 2973 463 3030 grues,
479 2969 527 3011 aut
543 2953 648 3011 bucula
662 2952 775 3010 caelum

152 3033 308 3111 suspiciens
321 3034 428 3112 patulis
442 3033 568 3113 captavit
582 3032 697 3090 naribus
713 3053 801 3105 auras,

151 3129 199 3172 aut
213 3130 313 3189 arguta
326 3115 404 3173 lacus
419 3113 661 3173 circumvolitavit
675 3111 802 3172 hirundo

151 3209 179 3252 et
193 3209 321 3254 veterem
336 3196 367 3252 in
383 3196 453 3253 limo
467 3215 551 3253 ranae
566 3193 700 3252 cecinere
716 3194 887 3272 querellam.

150 3276 261 3352 saepius
277 3291 306 3334 et
321 3277 403 3334 tectis
418 3274 612 3355 penetralibus
629 3275 733 3334 extulit
747 3296 800 3334 ova

149 3372 302 3432 angustum
318 3357 436 3416 formica
451 3373 544 3416 terens
559 3355 621 3428 iter,
638 3371 667 3414 et
681 3355 755 3414 bibit
769 3356 869 3431 ingens
980 3367 1018 3420 380

368 3461 413 3511 357
430 3451 521 3498 arduus.
589 3449 636 3511 360
653 3449 760 3497 acurvis.
