2558 4112
268 409 316 458 ¹44
544 393 572 440 P.
589 390 732 440 vuucrm
750 389 908 438 Manorus

304 525 369 583 vela
384 521 502 594 cadunt,
518 521 603 579 remis
619 518 800 596 insurgimus,
815 519 892 578 haud
907 539 995 592 mora,
1011 536 1116 580 nautae

305 604 405 664 adnixi
421 618 558 682 torquent
573 622 684 680 spumas
701 617 730 659 et
745 601 859 660 caerula
873 617 1003 660 verrunt.

346 700 490 745 servatum
501 703 537 742 ex
549 683 632 741 undis
646 681 842 766 Strophadum
854 701 901 739 me
911 681 996 740 litora
1004 683 1129 760 primum

306 765 465 844 excipiunt.
510 763 684 842 Strophades
701 759 792 820 Graio
807 777 882 820 stant
898 762 1179 837 nominedictae,210
1270 787 1271 798 ’

306 848 416 906 insulae
431 845 538 904 Ionio
531 866 562 903 tn
578 863 690 920 magno,
707 863 776 921 quas
790 843 852 902 dira
868 843 997 902 Celaeno

307 928 514 1006 Harpyiaeque
528 926 631 984 colunt
646 925 728 996 aliae,
745 923 865 982 Phineia
879 940 1031 1017 postquam

306 1010 401 1068 clausa
415 1007 517 1066 domus
532 1025 701 1084 mensasque
716 1021 796 1064 metu
812 1005 922 1083 liquere
936 1005 1055 1084 priores.

307 1090 415 1150 tristius
430 1089 508 1147 haud
523 1088 581 1146 illis
598 1101 771 1158 monstrum,
788 1105 843 1144 nec
859 1087 968 1144 saevior
983 1087 1044 1146 ulla

305 1171 394 1249 pestis
410 1185 439 1228 et
454 1170 495 1228 ira
510 1169 598 1228 deum
617 1167 722 1244 Stygiis
738 1187 799 1225 sese
814 1167 922 1226 extulit
936 1166 1032 1227 undis.

306 1251 429 1328 virginer
421 1250 596 1308 volucrum
613 1249 720 1320 vultus,
736 1247 902 1307 foedissima
917 1247 1026 1306 ventris

306 1331 462 1410 proluvies,
478 1351 631 1408 uncaeque
647 1349 749 1388 manus
766 1343 794 1387 et
808 1328 918 1406 pallida
933 1348 1048 1407 semper

295 1433 356 1470 'ora
372 1412 459 1470 fame.

306 1494 365 1551 huc
380 1492 429 1550 ubi
445 1490 534 1550 delati
550 1507 651 1569 portus
667 1489 848 1562 intravimus,
864 1511 933 1548 ecce

308 1573 383 1631 laeta
398 1572 486 1631 boum
500 1571 607 1650 passim
624 1571 734 1648 campis
749 1587 880 1629 armenta
895 1570 1026 1630 videmus
1144 1599 1181 1628 ιω

307 1653 554 1731 caprigenumque
569 1671 660 1729 pecus
677 1652 760 1709 nullo
775 1652 895 1710 custode
909 1672 962 1729 per
976 1651 1088 1710 herbas.

307 1734 448 1792 inruimus
463 1733 549 1806 ferro,
568 1747 596 1790 et
614 1731 719 1790 divos'
712 1752 865 1811 ipsumque
880 1753 1015 1791 vocamus

307 1816 339 1872 in
353 1829 466 1908 partem
481 1813 681 1892 praedamque
697 1813 820 1872 Iovem:
842 1828 905 1872 tum
920 1813 1006 1871 litore
1021 1833 1110 1873 curvo

309 1895 539 1974 exstruimusque
555 1909 632 1952 toros
649 1893 829 1972 dapibusque
845 1894 996 1988 epulamur
1010 1893 1125 1973 opimis.

308 1991 338 2035 at
352 1976 463 2035 subitae
478 1975 616 2034 horrifico
633 1975 715 2053 lapsu
731 1975 768 2033 de
783 1973 931 2033 montibus
946 1975 1052 2034 adsunt

309 2056 457 2134 Harpyiae
474 2071 503 2114 et
518 2055 628 2131 magnis
645 2055 783 2134 quatiunt
797 2055 980 2131 clangoribus
995 2055 1062 2127 alas,

308 2137 509 2215 diripiuntque
525 2137 612 2214 dapes
630 2151 827 2215 contactuque
842 2136 941 2214 omnia
955 2136 1077 2194 foedant

308 2216 473 2288 inmundo;
495 2231 558 2276 tum
572 2237 628 2275 vox
646 2232 772 2276 taetrum
786 2216 870 2275 dira'
863 2233 940 2275 inter
954 2217 1084 2275 o.dorem

308 2319 420 2358 rursum
435 2298 466 2355 in
481 2318 593 2356 secessu
610 2299 698 2373 longo
714 2298 766 2356 sub
781 2318 852 2375 rupe
867 2313 967 2356 cavata

308 2379 455 2438 arboribus
470 2379 606 2438 clausa
581 2399 693 2437 circum
709 2393 795 2456 atque
810 2379 995 2471 horrentibus
1010 2377 1120 2438 umbris
1143 2407 1182 2446 ῳ

308 2459 476 2520 instruimus
492 2479 604 2518 mensas
621 2459 734 2536 arisque
748 2458 916 2552 reponimus
931 2458 1051 2535 ignem:

309 2561 420 2600 rursum
436 2561 471 2598 ex
486 2541 599 2600 diverso
616 2540 689 2598 caeli
707 2540 858 2618 caecisque
873 2539 990 2598 latebris

309 2623 392 2680 turba
407 2641 512 2680 sonans
525 2621 664 2699 praedam
678 2620 802 2714 pedibus
818 2620 1008 2680 circumvolat
1023 2605 1115 2692 uncis,

308 2703 416 2780 polluit
431 2723 480 2761 ore
495 2702 592 2780 dapes.
636 2701 720 2760 sociis
737 2717 807 2761 tunc
823 2722 901 2760 arma
915 2716 1066 2779 capessant

310 2784 403 2856 edico,
420 2798 449 2842 et
463 2783 525 2841 dira
540 2783 653 2841 bellum
669 2802 736 2841 cum
751 2798 840 2859 gente
854 2783 1023 2859 gerendum.

309 2865 387 2922 haud
402 2884 482 2922 secus
497 2884 529 2922 ac
545 2863 612 2922 iussi
629 2862 752 2936 faciunt,
768 2879 918 2942 tectosque
932 2883 985 2941 per
999 2863 1119 2920 herbam

310 2945 469 3022 disponunt
485 2965 566 3004 enses
583 2959 613 3006 et
627 2961 707 3003 scuta
724 2944 845 3003 latentia
861 2945 1003 3014 condunt.

311 3045 377 3100 ergo
392 3026 442 3085 ubi
457 3025 593 3103 delapsae
609 3025 737 3085 sonitum
752 3046 803 3102 per
818 3045 905 3084 curva
920 3024 1028 3082 dedere

311 3105 405 3177 litora,
421 3107 471 3165 dat
486 3107 600 3182 signum
615 3107 733 3184 specula
750 3106 883 3164 Misenus
899 3106 934 3164 ab
950 3104 1008 3163 alta

310 3206 375 3244 aere
391 3207 471 3246 cavo.
514 3187 659 3245 invadunt
674 3186 744 3246 socii
760 3201 789 3245 et
804 3207 878 3244 nova
892 3185 1004 3264 proelia
1019 3199 1183 3262 temptant,

311 3267 449 3326 obscenas
463 3267 558 3345 pelagi
574 3268 651 3326 ferro
665 3267 783 3327 foedare
797 3267 940 3326 volucres.
1146 3293 1190 3333 241

311 3347 361 3406 sed
377 3367 473 3425 neque
487 3347 548 3406 vim
562 3348 669 3425 plumis
684 3349 774 3407 ullam
790 3367 845 3406 nec
860 3348 981 3406 vulnera
997 3362 1077 3422 tergo

440 3452 488 3502 209
505 3439 586 3502 prima.
621 3453 668 3487 210
685 3440 808 3503 accipiunt.
843 3454 890 3502 230
908 3443 1017 3489 clausam·
