2558 4112
444 413 610 462 AENEIDOS
627 413 690 462 LIB.
707 415 733 462 II

174 567 223 606 seu
238 563 350 603 versare
364 542 454 615 dolos,
468 564 517 602 seu
532 559 627 602 certae
641 545 814 603 occumbere
829 544 924 604 morti.

174 625 303 705 undique
318 623 428 683 visendi
443 624 538 682 studio
553 624 681 683 Troiana
695 625 830 684 iuventus

154 775 161 789 ,
173 706 349 768 circumfusa
363 705 429 777 ruit,
445 720 613 784 certantque
627 705 760 766 inludere
775 722 867 784 capto.
939 765 942 772 ,

174 788 273 866 accipe
288 807 367 845 nunc
383 785 519 845 Danaum
534 785 657 858 insidias,
674 799 703 845 et
717 787 839 846 crimine
854 788 890 846 ab
905 809 963 847 uno

173 869 252 928 disce
266 887 376 926 omnes.

173 969 299 1028 namque
315 963 347 1006 ut
361 964 518 1025 conspectu
533 947 563 1006 in
578 948 673 1006 medio
688 948 816 1008 turbatus
829 949 946 1008 inermis

175 1029 315 1100 constitit,
330 1044 415 1108 atque
429 1028 521 1088 oculis
537 1029 659 1106 Phrygia
673 1029 787 1106 agmina
802 1029 1029 1108 circumspexit:

156 1114 241 1182 ‘heu,
263 1131 334 1190 quae
360 1129 440 1169 nunc
467 1107 571 1180 tellus,’
592 1109 695 1189 inquit,
720 1117 808 1190 ‘quae
830 1131 877 1170 me
902 1131 1024 1190 aequora

256 1207 374 1269 possunt

175 1272 304 1350 accipere
317 1276 327 1330 ἓ
347 1289 397 1331 aut
411 1271 481 1351 quid
494 1271 552 1330 iam
567 1272 669 1332 misero
680 1270 752 1331 mihi
763 1273 888 1350 denique
900 1289 995 1344 restat,
1020 1304 1045 1342 70

175 1354 223 1413 cui
238 1374 332 1432 neque
347 1353 423 1431 apud
440 1353 556 1412 Danaos
570 1373 690 1432 usquam
705 1353 792 1424 locus,
809 1369 838 1412 et
852 1375 936 1431 super
950 1354 1002 1431 ipsi

174 1434 357 1495 Dardanidae
372 1433 478 1492 infensi
493 1454 598 1512 poenas
613 1454 681 1493 cum
697 1434 833 1510 sanguine
847 1450 970 1512 poscunt
984 1433 1009 1492 ?’

175 1537 233 1596 quo
247 1515 356 1591 gemitu
370 1515 501 1574 conversi
516 1515 615 1588 animi,
631 1535 808 1593 compressus
822 1531 851 1574 et
865 1515 958 1574 omnis

175 1598 310 1674 impetus.
352 1597 499 1655 hortamur
512 1596 565 1655 fari
580 1621 589 1668 ;
610 1617 668 1676 quo
682 1595 821 1673 sanguine
835 1611 940 1668 cretus,

175 1678 282 1757 quidve
298 1678 379 1749 ferat,
393 1692 544 1748 memoret,
558 1699 631 1756 quae
646 1677 682 1738 sit
696 1677 802 1737 fiducia
816 1692 908 1754 capto.

175 1759 225 1818 ille
240 1760 323 1830 haec,
337 1759 465 1836 deposita
482 1759 599 1817 tandem
614 1758 779 1829 formidine,
794 1758 869 1816 fatur
885 1780 892 1816 ι

217 1845 341 1899 ‘cuncta
355 1839 491 1918 equidem
506 1839 569 1911 tibi,
584 1861 642 1909 rex,
659 1839 745 1898 fuerit
760 1838 974 1918 quodcumque,

276 1921 388 1980 fatebor

175 1999 260 2074 vera,'
273 2001 378 2081 inquit,
392 2009 507 2080 ‘neque
522 2021 568 2060 me
582 2000 719 2077 Argolica
732 1999 768 2060 de
783 2011 868 2077 gente
883 2000 993 2076 negabo
1007 2023 1025 2058 :-

176 2084 230 2141 hoc
246 2082 373 2161 primum
388 2107 398 2154 3
419 2103 485 2154 nec,
500 2082 525 2141 si
536 2081 673 2141 miserum
688 2081 815 2142 Fortuna
830 2082 970 2140 Sinonem

175 2163 270 2234 finxit,
282 2184 389 2222 vanum
401 2163 488 2222 etiam
498 2163 726 2242 mendacemque
740 2163 861 2240 inproba
876 2163 974 2240 finget.
1020 2179 1046 2220 80

176 2245 264 2303 fando
278 2243 394 2323 aliquod
408 2244 430 2302 si
445 2245 520 2303 forte
535 2259 596 2304 tuas
610 2243 742 2321 pervenit
756 2244 792 2301 ad
806 2264 885 2302 aures

175 2325 294 2384 Belidae
308 2345 415 2382 nornen
432 2324 589 2384 Palamedis
604 2340 633 2383 et
647 2323 757 2382 incluta
772 2324 847 2382 fama

174 2407 273 2482 gloria,
289 2426 376 2485 quem
391 2406 460 2464 falsa
474 2407 527 2464 sub
541 2403 703 2483 proditione
719 2404 827 2479 Pelasgi

174 2486 320 2545 insontem
335 2487 454 2546 infando
468 2486 587 2557 indicio,
603 2485 669 2565 quia
683 2485 759 2544 bella
773 2485 896 2555 vetabat,

174 2567 316 2626 demisere
331 2566 407 2638 neci,
424 2588 503 2626 nunc
519 2587 629 2626 cassum
644 2565 755 2625 lumine
770 2566 871 2641 lugent
886 2590 895 2636 ς

174 2649 218 2706 illi
234 2668 281 2706 me
296 2648 434 2707 comitem
449 2665 478 2707 et
493 2647 738 2724 consanguinitate
752 2647 947 2724 propinquum

171 2749 286 2807 pauper
300 2729 330 2788 in
346 2749 424 2787 mma
437 2745 517 2807 pater
530 2729 629 2807 primis
643 2731 701 2787 huc
716 2727 794 2787 misit
809 2727 843 2786 ab
858 2727 949 2786 annis.

170 2810 245 2868 dum
260 2811 351 2870 stabat
365 2830 453 2885 regno
467 2810 629 2882 incolumis,
645 2828 745 2895 regum
767 2829 803 2868 ue
817 2807 930 2884 vigebat

170 2891 312 2962 consiliis,
329 2907 358 2950 et
373 2911 423 2949 nos
439 2891 556 2970 aliquod
569 2911 735 2970 nomenque
747 2832 895 2967 decusque

165 2971 321 3050 gessimus.
363 2971 471 3031 invidia
484 2989 634 3051 postquam
648 2971 765 3049 pellacis
781 2969 907 3028 Ulixi-

164 3052 253 3113 haud
267 3052 364 3127 ignota
378 3053 627 3132 loquor-superis
642 3051 783 3110 concessit
798 3050 832 3109 ab
846 3051 911 3122 oris,

164 3132 306 3194 adflictus
321 3133 410 3192 vitam
427 3135 459 3192 in
473 3133 597 3194 tenebris
612 3134 751 3212 luctuque
766 3131 921 3204 trahebam,

162 3231 201 3274 et
219 3233 316 3273 casum
331 3215 450 3274 insontis
465 3235 582 3275 mecum
596 3213 763 3289 indignabar
777 3212 871 3272 amici.

160 3315 231 3358 nec
247 3295 324 3354 tacui
339 3295 457 3354 demens
471 3321 481 3367 ;
502 3313 601 3368 orme,
617 3295 674 3353 fors
692 3295 714 3352 si
729 3315 784 3374 qua
799 3295 917 3365 tulisset,
990 3343 991 3347 ,

160 3378 188 3437 si
207 3375 317 3454 patrios
332 3397 469 3456 umquam
483 3397 652 3436 remeassem
668 3375 759 3434 victor
774 3376 809 3434 ad
822 3377 920 3451 Argos,
934 3385 939 3408 ⁸

415 3471 446 3532 76
463 3471 570 3518 omitted.
604 3469 635 3532 89
652 3468 764 3518 conciliis.
