2556 4116
384 328 571 376 BUCOLICA:
598 329 668 377 ECL.
686 330 724 377 VI
985 345 1012 394 ις

142 479 197 517 nec
213 471 328 516 tantum
343 456 484 532 Rhodope
499 456 616 515 miratur
632 472 661 514 et
675 459 798 517 Ismarus
814 460 940 538 Orphea.
989 493 1015 530 30

142 559 269 619 namque
285 537 418 608 canebat,
432 537 475 596 uti
491 558 627 614 magnum
642 539 794 614 perinane
810 558 908 599 coacta

142 621 253 680 semina
268 635 465 696 terrarumque
480 618 648 697 animaeque
662 621 804 698 marisque
820 622 939 682 fuissent

143 718 173 761 et
187 700 291 779 liquidi
306 699 392 758 simul
407 698 502 775 ignis;
524 713 556 756 ut
570 699 613 757 his
629 701 745 758 exordia
759 701 857 778 primis

143 782 242 841 omnia
256 797 286 840 et
300 781 361 858 ipse
377 795 459 840 tener
472 780 575 840 mundi
590 782 771 840 concreverit
786 783 860 841 orbis
873 809 882 854 ;

143 880 207 922 tum
221 863 323 921 durare
339 862 432 920 solum
447 876 476 919 et
491 861 652 921 discludere
668 864 766 921 Nerea
780 881 870 940 ponto

144 944 273 1022 coeperit
288 959 317 1002 et
330 964 426 1002 rerum
441 943 580 1021 paulatim
594 964 707 1008 sumere
722 945 825 1004 formas
838 971 847 1016 3

144 1025 258 1104 iamque
273 1045 382 1082 novum
397 1039 487 1082 terrae
501 1040 635 1101 stupeant
649 1026 794 1084 lucescere
810 1027 899 1086 solem

92 1117 94 1124 ⁴
145 1106 238 1177 altius,
253 1121 338 1184 atque
354 1104 457 1162 cadant
471 1105 609 1163 submotis
627 1105 751 1164 nubibus
765 1107 891 1176 imbres3

144 1187 286 1264 incipiant
301 1186 387 1244 silvae
402 1206 471 1244 curn
485 1185 612 1262 primum
627 1207 752 1262 surgere,
766 1209 891 1266 cumque

143 1289 202 1326 rara
216 1287 268 1344 per
282 1266 392 1340 ignaros
408 1282 503 1324 errent
518 1267 652 1325 animalia
667 1285 787 1328 montes.
988 1301 1014 1337 40

143 1349 212 1406 hinc
228 1347 336 1424 lapides
352 1348 476 1424 Pyrrhae
491 1347 589 1419 iactos,
605 1349 737 1407 Saturnia
750 1369 845 1424 regna,

144 1431 360 1506 Caucaseasque
374 1428 461 1486 refert
476 1428 607 1486 volucres
621 1429 788 1509 furtumque
804 1432 978 1491 Promethei.

143 1510 187 1568 his
201 1510 341 1584 adiungit,
358 1509 456 1585 Hylan
472 1525 574 1568 nautae
590 1530 647 1588 quo
662 1511 743 1569 fonte
757 1512 892 1570 relictum

144 1593 323 1662 clamassent,
338 1605 370 1648 ut
384 1591 453 1648 litus
469 1591 566 1667 ‘Hyla
581 1591 678 1668 Hyla'
693 1613 780 1650 omne
795 1608 928 1664 sonaret;

133 1688 173 1730 ·et
187 1673 373 1742 fortunatam,
388 1670 411 1730 si
426 1692 585 1751 numquam
601 1689 729 1730 armenta
744 1672 871 1743 fuissent,

145 1752 303 1830 Pasiphaen
318 1752 397 1810 nivei
413 1752 518 1811 solatur
532 1773 627 1813 amore
643 1753 768 1812 iuvenci.

144 1855 159 1892 a
173 1833 252 1910 virgo
267 1833 383 1905 infelix,
398 1854 471 1912 quae
487 1850 515 1892 te
531 1833 678 1892 dementia
692 1833 792 1911 cepit?

145 1915 290 1973 Proetides
305 1914 457 1992 inplerunt
472 1914 547 1972 falsis
562 1914 717 1990 mugitibus
733 1935 823 1990 agros,

143 2012 171 2054 at
186 2017 245 2054 non
261 2012 320 2054 tam
335 2012 432 2072 turpes
447 1995 594 2072 pecudum
609 2010 705 2054 tamen
721 1996 780 2054 ulla
794 2012 893 2056 secuta
907 2012 949 2055 est

144 2076 326 2148 concubitus,
341 2076 471 2154 quamvis
485 2076 564 2134 collo
578 2075 719 2136 timuisset
733 2093 867 2149 aratrum,
989 2107 1014 2143 50

144 2173 171 2216 et
186 2179 267 2233 saepe
283 2157 313 2214 in
329 2157 387 2214 levi
403 2157 555 2235 quaesisset
570 2177 677 2216 cornua
691 2158 795 2218 fronte.

144 2260 160 2296 a
173 2239 252 2313 virgo
267 2237 380 2308 infelix,
395 2253 426 2296 tu
442 2258 520 2296 nunc
536 2238 568 2295 in
582 2235 734 2296 montibus
744 2259 838 2297 erras:

144 2319 194 2377 ille
209 2319 282 2377 latus
297 2317 415 2376 niveum
429 2318 512 2376 molli
528 2319 618 2376 fultus
632 2318 789 2394 hyacintho

144 2399 210 2457 ilice
225 2399 278 2457 sub
293 2399 373 2474 nigra
387 2399 528 2476 pallentes
542 2399 669 2457 ruminat
682 2400 792 2470 herbas,

143 2496 192 2539 aut
219 2481 345 2559 aliquam
373 2479 404 2538 in
435 2500 539 2555 magno
568 2479 696 2558 sequitur
723 2499 817 2554 grege.
859 2479 1011 2550 ‘claudite,

225 2561 392 2638 Nymphae,

142 2642 281 2700 Dictaeae
297 2643 464 2719 Nymphae,
477 2662 630 2700 nemorum
645 2643 702 2700 iam
717 2642 842 2700 claudite
858 2642 954 2713 saltus,

142 2723 164 2780 si
179 2745 236 2802 qua
251 2723 324 2781 forte
339 2723 433 2782 ferant
447 2723 538 2780 oculis
554 2743 613 2782 sese
628 2723 710 2782 obvia
725 2721 826 2781 nostris

143 2804 303 2862 errabunda
316 2804 396 2863 bovis
411 2804 550 2879 vestigia3
572 2805 687 2862 forsitan
703 2804 788 2862 illum

142 2901 191 2944 aut
205 2885 294 2944 herba
308 2901 425 2962 captum
440 2884 523 2943 viridi
538 2901 587 2944 aut
602 2901 730 2944 armenta
745 2899 876 2943 secutum

142 2966 302 3043 perducant
316 2967 428 3045 aliquae
443 2967 553 3024 stabula
567 2967 602 3024 ad
617 2965 760 3042 Gortynia
774 2965 896 3024 vaccae!
987 2983 1013 3023 ⁶0

142 3062 205 3105 tum
220 3047 298 3106 canit
314 3047 510 3125 Hesperidum
525 3047 656 3116 miratam
671 3047 746 3106 mala
760 3046 907 3124 puellam,

143 3133 206 3186 t‘um
222 3128 461 3186 Phaethontiadas
476 3149 577 3186 musco
591 3128 753 3187 circumdat
768 3149 878 3189 amarae

142 3207 266 3278 corticis,
282 3223 367 3286 atque
382 3208 442 3267 solo
455 3229 585 3286 proceras
601 3209 683 3284 erigit
698 3209 786 3269 alnos.

142 3303 206 3348 tum
220 3288 308 3358 canit,
324 3305 467 3348 errantem
484 3289 621 3348 Permessi
637 3289 673 3348 ad
686 3289 807 3349 flumina
823 3291 943 3349 Gallum

295 3397 324 3446 33
342 3399 370 3431 ex
382 3383 477 3446 omnia3
494 3400 522 3430 ex
534 3383 605 3433 ordia.
671 3398 703 3445 40
721 3383 819 3446 ignotos.
