2562 4114
275 325 322 390 ³⁵⁶
544 321 903 372 1².vrno1u1nnnou1s

314 473 371 531 quo
385 472 429 510 res
444 471 570 529 cumque
584 451 708 521 cadent;
728 469 782 508 nec
797 469 843 508 me
856 449 898 508 vis
905 450 972 508 ulla
986 451 1137 511 volentem

314 547 432 604 avertet,
447 553 519 603 non,
532 552 555 589 st
546 494 708 590 tellureni
719 530 893 589 effundatur
908 531 1008 602 undas,

313 613 423 672 diluvio
437 613 570 682 miscens,
586 611 778 689 caelumque
770 631 801 669 ιιι
816 611 935 670 Tartara
948 611 1057 682 solvat;

314 709 346 753 ut
380 709 525 773 sceptrum
560 695 615 751 hoc
625 692 785 751 ’-dextra
817 708 961 769 sceptrum
997 712 1063 750 nam
1100 694 1173 752 forte

344 803 346 808 ·
393 775 550 851 gerebat-

293 864 471 933 ‘numquam
486 855 590 913 fronde
604 854 660 912 levi
676 853 779 912 fundet
793 853 915 928 virgulta
929 873 982 911 nec
998 853 1120 924 umbras,

312 957 379 995 cum
395 936 482 994 semel
497 935 527 992 in
543 934 620 992 silvis
634 935 694 992 imo
708 934 745 993 de
760 934 847 1010 stirpe
861 934 983 992 recisum

312 1033 402 1076 matre
417 1031 494 1075 caret
508 1015 661 1094 posuitque
676 1034 771 1073 comas
786 1029 814 1072 et
828 1014 960 1073 bracchia
974 1014 1069 1085 ferro;

311 1098 382 1156 olim
397 1097 488 1167 arbos,
502 1117 582 1155 nunc
597 1095 710 1154 artificis
726 1115 825 1154 manus
840 1115 904 1154 aere
917 1095 1022 1152 decoro
1137 1125 1172 1153 ato

310 1178 438 1250 inclusit,
453 1177 638 1256 patribusque
652 1176 731 1234 dedit
745 1191 853 1252 gestare
867 1173 996 1234 Latinis!

311 1259 437 1318 talibus'
429 1274 505 1318 mter
519 1279 547 1317 se
562 1258 712 1316 firmabant
726 1257 840 1316 foedera
853 1255 936 1314 dictis

310 1355 467 1417 conspectu
482 1339 513 1397 in
528 1338 624 1397 medio
638 1357 799 1415 procerum.
841 1351 903 1395 tum
917 1335 972 1395 rite
986 1351 1108 1396 sacratas

309 1419 340 1476 in
355 1418 500 1478 flammam
514 1419 647 1494 iugulant
656 1418 793 1495 pecudes,
808 1433 837 1476 et
852 1416 959 1476 viscera
973 1415 1046 1476 vivis

309 1499 445 1576 eripiunt,
459 1499 668 1577 cumulantque
682 1499 805 1558 oneratis
820 1497 949 1556 lancibus
964 1517 1032 1556 aras.

349 1594 459 1637 atvero
474 1578 615 1636 Rutulis
606 1598 688 1656 inpar
703 1598 735 1637 ea
749 1598 845 1656 pugna
859 1578 950 1637 videri

308 1659 488 1754 iamdudum,
502 1673 532 1717 et
546 1657 623 1716 vario
637 1658 753 1718 misceri
768 1674 885 1737 pectora
899 1673 1000 1728 motu;

308 1756 371 1800 tum
387 1740 484 1816 magis,
500 1755 532 1798 ut
547 1738 663 1832 propius
678 1755 804 1798 cernunt
818 1759 877 1798 ιιοιι
892 1739 998 1798 viribus
1013 1739 1125 1818 aequis.

308 1821 445 1880 adiuvat'
437 1841 549 1880 incessu
565 1819 654 1880 tacito
668 1841 833 1898 progressus
847 1835 877 1879 et
891 1841 966 1878 aram

307 1901 478 1981 suppliciter
492 1921 630 1960 venerans
645 1901 769 1960 demisso
785 1899 895 1959 lumine
910 1901 1039 1972 Turnus,
1140 1932 1177 1962 ιω
1268 1961 1269 1966 ,

307 1983 494 2061 tabentesque
508 2003 596 2058 genae
611 1997 640 2040 et
655 1981 805 2041 iuvenali
797 2002 828 2038 111
843 2001 959 2060 corpore
974 1981 1079 2060 pallor.
1268 1981 1269 2010 ³

306 2082 393 2141 quem
409 2062 494 2120 simul
510 2083 542 2122 ac
558 2064 679 2122 Iuturna
694 2081 771 2121 soror
786 2063 964 2122 crebrescere
978 2061 1050 2121 vidit

307 2163 478 2213 sermonem,
493 2159 522 2202 et
537 2143 614 2218 vulgi
630 2143 737 2202 variare
753 2143 878 2202 labantia
893 2143 990 2212 corda,

306 2223 337 2281 in
352 2223 458 2282 medias
474 2223 556 2296 acies,
572 2225 692 2282 formam
708 2223 876 2282 adsimulata
891 2223 1076 2294 Camerti,-

306 2303 353 2362 cui
368 2323 457 2380 genus
472 2304 613 2382 aproavis
628 2305 738 2380 ingens,
754 2304 921 2382 clarumque
935 2319 1072 2382 paternae

305 2403 412 2443 nomen
429 2400 488 2442 erat
503 2384 626 2455 virtutis,
644 2400 673 2444 et
687 2385 748 2462 ipse
764 2384 916 2443 acerrimus
932 2384 1058 2443 armis—

305 2464 336 2523 in
350 2464 458 2524 medias
473 2466 523 2524 dat
538 2484 599 2524 sese
614 2465 700 2536 acies,
713 2465 790 2524 haud
804 2464 901 2524 nescia
914 2484 1019 2536 rerum,

304 2565 489 2622 rumoresque
504 2546 572 2603 serit
588 2546 690 2616 varios,
704 2566 736 2604 ac
752 2545 818 2605 talia
833 2546 925 2604 futur:

286 2632 364 2684 ‘non
378 2626 479 2704 pudet,
493 2647 511 2684 0
527 2627 642 2697 Rutuli,
656 2647 708 2704 pro
723 2626 836 2685 cunctis
852 2627 955 2685 talibus
971 2646 1058 2686 unam

304 2705 448 2765 obiectare
463 2706 609 2765 animam?
631 2726 792 2765 numerous
807 2727 842 2766 an
857 2707 964 2766 viribus
979 2705 1066 2786 aequi
1138 2737 1177 2777 ψ

135 2827 151 2866 ,
304 2807 363 2846 ιιοιι
378 2791 496 2846 sumus?
517 2807 563 2856 en,
579 2805 679 2844 omnes
695 2802 723 2845 et
739 2788 830 2848 Troes
846 2803 874 2846 et
888 2788 1014 2847 Arcades
1029 2787 1060 2845 hi
1076 2803 1159 2862 sunt,

304 2867 461 2946 fatalesque
477 2887 589 2938 manus,
604 2867 717 2926 infensa
732 2868 845 2926 Etruria
859 2868 973 2928 Turno.

303 2947 350 3005 vir
366 2950 486 3017 hostem,
503 2946 606 3006 alterni
622 2947 643 3004 si
660 2948 888 3024 congrediamur,
904 2949 1051 3008 habemus.

303 3026 354 3085 ille
369 3029 487 3106 quidem
502 3028 538 3086 ad
553 3047 678 3104 superos,
692 3047 814 3107 quorum
829 3049 857 3086 se
871 3028 994 3087 devovet
1008 3028 1073 3101 aris,

304 3107 441 3166 succedet
455 3109 531 3167 fama
544 3107 682 3186 vivusque
696 3129 748 3186 per
761 3129 809 3167 ora
822 3109 950 3179 feretur;

305 3209 365 3259 nos,
381 3188 472 3266 patria
488 3188 597 3260 amissa,
612 3188 736 3247 dominis
750 3208 847 3266 parere
862 3190 991 3266 superbis

304 3287 450 3344 cogemur,
465 3268 514 3346 qui
531 3288 609 3327 nunc
625 3268 696 3327 lenti
713 3268 894 3328 consedimus
908 3267 999 3328 arvis?

604 3375 649 3410 221
668 3362 828 3426 pubentesque.
