2558 4112
405 353 572 402 AENEIDOS
590 353 653 402 LIB.
670 353 696 403 11

117 483 208 564 ‘quid
223 496 338 542 tanturn
352 482 455 544 insano
469 483 549 541 iuvat
563 483 714 560 indulgere
729 484 832 557 dolori,

135 587 152 623 ο
167 563 263 623 dulcis
278 563 430 622 coniunx?
451 584 511 621 non
526 565 599 623 haec
614 565 676 622 sine
691 565 813 624 numine
828 564 926 623 divom

136 645 296 704 eveniunt:
317 665 372 704 nec
389 659 418 719 te
432 643 502 702 hine
518 643 655 704 comitem
670 661 815 723 asportare
832 647 972 705 Creusam

136 728 176 784 fas
191 741 240 784 aut
255 725 307 782 ille
322 723 391 782 sinit
405 723 500 802 superi
516 740 649 800 regnator
665 725 797 804 Olympi.
969 757 1007 796 779

113 859 114 862 ,
135 808 222 882 longa
237 805 290 864 tibi
306 804 415 877 exsilia,
432 820 461 864 et
475 820 587 864 vastum
602 806 687 865 maris
703 827 810 885 aequor
825 808 973 881 arandum,

137 902 165 946 et
180 902 285 945 terram
301 885 476 978 Hesperiam
491 886 598 959 venies,
614 887 663 946 ubi
678 887 787 964 Lydius
803 908 868 946 arva

135 968 213 1026 inter
228 967 324 1046 opima
338 967 433 1024 virum
447 966 508 1025 leni
524 965 589 1026 fluit
604 967 717 1044 agmine
733 968 881 1045 Thybris3

136 1047 199 1107 illic
215 1068 258 1106 res
274 1048 365 1106 laetae
381 1067 559 1125 regnumque
575 1063 603 1106 et
618 1049 694 1124 regia
710 1049 839 1107 coniunx

135 1144 217 1207 parta
232 1127 306 1198 tibi;
327 1127 457 1186 lacrimas
472 1127 599 1186 dilectae
612 1129 692 1207 pelle
708 1130 843 1188 Creusae.

136 1229 197 1268 non
213 1213 266 1285 ego¹
282 1208 505 1286 Myrmidonum
521 1209 601 1267 sedes
615 1209 802 1285 Dolopumve
817 1209 952 1289 superbas

137 1289 283 1368 aspiciam,
299 1304 349 1348 aut
365 1289 450 1347 Grais
464 1289 601 1350 servitum
617 1291 754 1349 matribus
769 1291 827 1362 ibo,

136 1369 290 1443 Dardanis,
307 1385 337 1429 et
351 1370 435 1428 divae
450 1370 574 1429 Veneris
589 1391 696 1430 nurus:

137 1450 186 1510 sed
201 1472 248 1510 me
263 1471 366 1528 magna
381 1451 469 1510 deum
485 1451 630 1510 Genetrix
644 1451 689 1509 his
703 1451 818 1509 detinet
832 1451 897 1509 oris.

137 1531 253 1610 iamque
267 1533 341 1604 vale,
358 1547 387 1591 et
402 1532 463 1590 nati
478 1553 557 1590 serva
573 1532 735 1591 communis
750 1532 898 1590 amorem.'

137 1614 206 1672 haec
230 1613 279 1672 ubi
301 1613 379 1672 dicta
401 1613 491 1685 dedit,
514 1613 716 1671 lacrimantem
738 1628 767 1671 et
792 1613 885 1672 multa
905 1613 1006 1672 volen-

217 1709 276 1752 tem
970 1722 1007 1762 790

137 1776 234 1834 dicere
249 1775 385 1847 deseruit,
402 1791 561 1852 tenuesque
576 1773 694 1832 recessit
708 1774 739 1832 in
755 1794 845 1832 auras.

139 1870 181 1914 ter
194 1871 316 1915 conatus
331 1855 372 1914 ibi
388 1856 466 1914 collo
481 1855 548 1914 dare
563 1853 739 1913 bracchia
713 1874 843 1924 circum3

139 1951 181 1996 ter
194 1937 299 1996 frustra
313 1957 484 2015 comprensa
499 1955 600 1994 manus
617 1935 739 2010 effugit'
731 1954 834 2010 imago,

137 2039 187 2096 par
201 2018 313 2076 levibus
328 2017 432 2111 ventis,
447 2016 618 2095 volucrique
633 2014 781 2074 simillima
796 2035 907 2074 somno.

138 2099 176 2158 sic
191 2099 311 2159 demum
325 2099 417 2157 socios
432 2113 604 2175 consumpta
619 2112 706 2156 nocte
721 2095 823 2156 reviso.

177 2196 263 2258 atque
278 2180 351 2238 hic
342 2193 493 2255 ingentem
508 2178 649 2237 comitum
665 2177 818 2236 adfluxisse
833 2195 975 2236 novorum

137 2259 255 2320 invenio
270 2260 414 2319 admirans
429 2279 594 2331 numerum,
610 2273 772 2336 matresque
786 2257 930 2337 virosque,

138 2341 290 2401 collectam
306 2340 407 2400 exsilio
421 2339 559 2434 pubem,
555 2339 718 2398 miserabile
733 2339 843 2414 vulgus.

138 2423 266 2513 undique
281 2442 455 2494 convenere,
472 2420 574 2480 animis
590 2419 750 2498 opibusque
765 2418 867 2498 parati,

137 2501 167 2560 in
182 2523 379 2582 quascumque
393 2502 482 2560 velim
497 2501 599 2579 pelago
615 2501 759 2560 deducere
775 2515 873 2558 terras.
970 2515 1008 2557 seo

137 2582 251 2662 iamque
266 2583 339 2660 iugis
353 2603 482 2642 summae
496 2583 629 2658 surgebat
643 2581 763 2640 Lucifer
777 2581 857 2652 Idae,

136 2663 318 2742 ducebatque
334 2664 432 2734 diem3
452 2663 607 2742 Danaique
621 2663 733 2721 obsessa
748 2661 890 2721 tenebant

136 2742 238 2804 limina
252 2753 410 2823 pertarum,
427 2763 481 2803 nec
496 2764 559 2821 spes
573 2743 635 2822 opis
651 2744 711 2802 ulla
726 2743 865 2802 dabatur:

135 2825 215 2898 cessi,
232 2841 261 2884 et
275 2825 389 2884 sublato
404 2839 517 2884 montes
531 2824 664 2901 genitore
676 2821 793 2902 petivi.'’

179 2931 231 2994 t778
250 2948 270 2980 c.
282 2931 338 2979 hinc
349 2940 447 2993 portare.
464 2931 521 2979 hinc
533 2937 655 2994 asportare.
723 2929 769 2992 783
788 2943 823 2976 ree
835 2929 915 2978 Italae.
