2556 4116
395 366 596 414 GEORGICON
614 366 676 416 LIB.
694 367 707 414 1

133 500 260 575 remigiis
275 498 390 574 subigit,
405 498 427 557 si
443 498 576 556 bracchia
591 499 664 557 forte
678 498 797 568 remisit,

133 597 218 660 atque
233 581 319 640 illum
334 580 365 638 in
380 599 514 657 praeceps
530 600 621 655 prono
635 579 709 656 rapit
723 580 817 638 alveus
833 582 921 641 amni.

173 678 320 740 praeterea
335 677 393 719 tam
407 675 475 718 sunt
489 660 605 719 Arcturi
621 660 712 719 sidera
726 661 809 718 nobis

133 743 362 821 Haedorumque
377 741 437 799 dies
452 741 584 800 servandi
600 757 629 800 et
643 741 756 800 lucidus
770 742 889 818 Anguis,

133 843 219 903 quam
233 823 337 901 quibus
352 822 382 880 in
397 822 517 899 patriam
532 838 651 880 ventosa
666 843 717 900 per
732 843 853 901 aequora
867 825 955 882 vectis

134 907 244 964 Pontus
259 918 287 963 et
301 902 423 962 ostriferi
438 903 537 963 fauces
551 919 729 983 temptantur
743 904 851 981 Abydi.

133 986 221 1044 Libra
235 984 281 1043 die
296 985 448 1063 somnique
463 1005 543 1062 pares
558 985 606 1043 ubi
624 985 726 1044 fecerit
740 987 830 1056 horas,

134 1082 163 1126 et
177 1066 306 1124 medium
320 1065 379 1123 luci
394 1081 481 1144 atque
496 1066 603 1124 umbris
618 1066 676 1125 iam
691 1066 794 1124 dividit
808 1067 917 1138 orbem,

133 1163 277 1216 exercete,
291 1145 353 1217 viri,
370 1161 472 1218 tauros,
489 1147 573 1205 serite
587 1147 694 1206 hordea
708 1147 815 1225 campis
965 1177 1004 1206 210

134 1247 223 1306 usque
238 1227 290 1286 sub
306 1241 467 1285 extremum
483 1226 599 1286 brumae
614 1227 802 1286 intractabilis
816 1228 938 1287 imbrem
952 1254 960 1298 ;

132 1329 188 1367 nec
203 1328 263 1367 non
279 1323 308 1367 et
322 1307 375 1365 lini
391 1323 517 1384 segetem
532 1324 561 1368 et
576 1307 695 1367 Cereale
711 1329 833 1386 papaver

134 1405 247 1465 tempus
262 1390 351 1446 humo
366 1404 460 1464 tegere
476 1404 504 1447 et
519 1389 688 1448 iamdudum
703 1389 871 1448 incumbere
886 1391 983 1450 aratris

133 1471 204 1529 dum
219 1469 293 1528 sicca
309 1469 412 1528 tellure
427 1470 507 1540 licet,
521 1470 590 1528 dum
606 1471 706 1529 nubila
720 1471 858 1548 pendent.

134 1571 201 1610 vere
216 1549 287 1609 fabis
302 1551 372 1608 satio
385 1574 394 1618 ;
416 1565 478 1608 tum
494 1566 522 1609 te
537 1572 662 1630 quoque,
679 1553 807 1623 Medica,
822 1567 926 1629 putres,

134 1631 281 1709 accipiunt
296 1631 378 1702 sulci,
394 1648 422 1690 et
437 1632 520 1690 milio
533 1631 615 1690 venit
630 1653 725 1690 annua
738 1653 814 1703 cura,

134 1713 273 1771 candidus
288 1712 390 1771 auratis
406 1713 498 1790 aperit
512 1732 580 1771 cum
595 1713 728 1772 cornibus
742 1733 851 1772 annum

133 1794 259 1866 Taurus,
274 1809 303 1852 et
317 1795 434 1852 adverso
449 1793 553 1852 cedens
569 1794 657 1853 Canis
672 1794 780 1852 occidit
794 1809 876 1853 astro.

134 1890 163 1933 at
177 1875 199 1932 si
215 1875 357 1934 triticeam
371 1875 402 1932 in
418 1895 540 1932 messem
554 1875 725 1954 robustaque
741 1876 813 1932 farra

134 1956 280 2014 exercebis
295 1957 427 2026 humum,
443 1955 565 2034 solisque
580 1956 699 2035 instabis
714 1956 811 2025 aristis,
965 1985 1004 2012 ,ιο

135 2053 201 2096 ante
217 2036 270 2095 tibi
286 2037 362 2095 ane
376 2036 543 2096 Atlantides
558 2037 769 2096 abscondantur

135 2117 303 2195 Gnosiaque
318 2118 442 2176 ardentis
458 2119 579 2176 decedat
593 2119 675 2176 stella
690 2120 830 2190 Coronae,

134 2199 231 2257 debita
245 2219 331 2276 quam
346 2199 431 2257 sulcis
448 2199 610 2257 committas
625 2199 742 2272 semina,
757 2219 900 2277 quamque

134 2280 242 2338 invitae
257 2300 391 2357 properes
407 2280 475 2338 anni
491 2301 571 2357 spem
586 2280 701 2338 credere
716 2295 815 2338 terrae.

134 2361 220 2420 multi
235 2377 301 2419 ante
316 2381 450 2420 occasum
466 2361 564 2419 Maiae
579 2379 699 2436 coepere
712 2383 721 2428 ;
743 2360 792 2418 sed
805 2360 871 2417 illos

134 2458 297 2518 exspectata
311 2461 389 2517 seges
403 2442 483 2500 vanis
499 2441 582 2500 elusit
597 2441 695 2499 aristis.

134 2522 157 2579 si
173 2543 240 2580 vero
254 2522 416 2601 viciamque
432 2543 506 2581 seres
519 2523 665 2601 vilemque
679 2521 839 2600 phaselum,

135 2623 190 2661 nec
207 2603 370 2662 Pelusiacae
386 2624 484 2662 curam
500 2604 684 2682 aspernabere
699 2602 795 2673 lentis,

134 2685 212 2742 haud
226 2685 344 2743 obscura
359 2684 464 2744 cadens
480 2685 576 2743 mittet
592 2684 644 2743 tibi
659 2685 738 2760 signa
754 2684 858 2741 Bootes
871 2705 879 2751 ;

135 2765 233 2843 incipe
249 2781 278 2824 et
292 2765 327 2824 ad
341 2767 448 2825 medias
465 2781 625 2824 sementem
641 2766 765 2825 extende
780 2763 904 2841 pruinas.
965 2793 1003 2830 230

176 2845 288 2904 idcirco
302 2847 387 2904 certis
403 2846 565 2905 dimensum
581 2847 708 2924 partibus
723 2847 822 2904 orbem

135 2947 187 3005 per
201 2927 335 2986 duodena
348 2928 421 3003 regit
436 2928 537 2987 mundi
553 2929 594 2986 sol
610 2948 710 2986 aureus
724 2941 805 2986 astra.

135 3007 266 3086 quinque
280 3023 382 3068 tenent
397 3010 511 3068 caelum
526 3029 616 3068 zonae
631 3031 637 3068 :
660 3027 780 3087 quarum
795 3027 851 3064 una
866 3026 984 3065 corusco

136 3109 248 3165 semper
262 3090 321 3148 sole
335 3091 440 3149 rubens
455 3106 484 3149 et
500 3090 604 3149 torrida
619 3109 731 3166 semper
746 3089 782 3146 ab
795 3087 853 3163 igni
870 3113 879 3158 ;

136 3190 223 3246 quam
238 3170 348 3230 circum
363 3188 507 3230 extremae
522 3171 623 3230 dextra
638 3171 773 3248 laevaque
789 3171 940 3228 trahuntur

137 3251 294 3322 caeruleae,
308 3253 399 3328 glacie
415 3267 566 3311 concretae
582 3268 667 3330 atque
683 3251 820 3310 imbribus
835 3250 901 3309 atris
914 3275 923 3318 ;

172 3372 219 3420 203
237 3359 307 3406 illum
319 3375 441 3422 praeceps3
474 3375 547 3422 prono
559 3359 584 3406 in
597 3375 708 3423 praeceps.
776 3357 822 3406 218
840 3371 928 3404 averso.

359 3425 405 3472 226
423 3425 509 3473 avenis.
577 3425 624 3487 236
643 3427 753 3474 caerulea.
