2568 4114
532 1237 657 1298 LIBER
678 1236 890 1298 SEPTIMUS

297 1415 350 1474 Tu
363 1434 480 1494 quoque
494 1413 628 1475 litoribus
643 1413 757 1486 nostris,
771 1415 883 1473 Aeneia
898 1412 1005 1484 nutrix,

296 1511 444 1556 aeternam
459 1495 586 1554 moriens
601 1496 719 1568 famam,
735 1493 848 1567 Caieta,
863 1494 969 1553 dedisti
983 1519 992 1565 ;

297 1591 327 1636 et
341 1595 420 1634 nunc
436 1591 530 1634 servat
543 1577 636 1634 honos
651 1575 749 1635 sedem
764 1590 839 1649 tuus,
855 1596 974 1654 ossaque
988 1584 1098 1634 nomen

297 1655 440 1734 Hesperia
455 1656 486 1714 in
502 1676 613 1732 magna,
629 1655 651 1714 si
666 1677 723 1736 qua
738 1672 781 1715 est
796 1677 829 1716 ea
843 1655 942 1733 gloria,
958 1655 1059 1732 signat.

297 1753 325 1796 at
338 1737 402 1816 pius
418 1737 560 1816 exsequiis
574 1737 690 1796 Aeneas
704 1735 759 1795 rite
774 1737 884 1810 solutis,

296 1833 397 1895 aggere
412 1818 573 1896 composito
589 1818 703 1891 tumuli,
718 1833 871 1897 postquam
885 1817 943 1876 alta
958 1816 1096 1896 quierunt

295 1920 429 1979 aequora,
444 1899 540 1959 tendit
554 1899 610 1958 iter
624 1899 697 1958 velis
712 1915 888 1977 portumque
903 1897 1054 1977 relinquit.

295 1980 442 2058 adspirant
456 2000 541 2038 aurae
555 1979 586 2037 iu
602 1996 730 2052 noctem,
747 2001 801 2038 nec
817 1979 941 2039 candida
955 1999 1054 2038 cursus

297 2060 366 2120 luna
380 2075 474 2136 negat,
490 2060 625 2138 splendet
641 2061 766 2120 tremulo
781 2061 832 2121 sub
847 2061 960 2120 lumine
973 2075 1091 2140 pontus.

295 2141 427 2220 proxima
443 2140 582 2200 Circaeae
597 2141 739 2200 raduntur
754 2141 837 2200 litora
853 2157 954 2215 terrae,
1142 2173 1166 2201 ιο

296 2221 376 2282 dives
391 2222 548 2282 inaccessos
563 2222 613 2281 ubi
631 2223 704 2281 Solis
719 2222 778 2282 filia
793 2223 873 2282 lucos

296 2303 416 2362 adsiduo
430 2318 545 2362 resonat
560 2320 658 2376 cantu,
676 2303 819 2382 tectisque
834 2304 964 2383 superbis

296 2383 353 2443 urit
367 2385 515 2444 odoratam
529 2400 671 2443 nocturna
687 2384 718 2442 in
734 2385 845 2444 lumina
860 2387 989 2458 cedrum,

296 2480 396 2540 arguto
411 2480 512 2524 tenues
527 2485 699 2542 percurrens
713 2465 833 2544 pectine
848 2467 930 2526 telas.

295 2545 365 2604 hinc
381 2544 509 2604 exaudiri
524 2546 648 2622 gemitus
662 2545 780 2625 iraeque
794 2547 924 2620 leonum,

295 2626 393 2685 vincla
407 2641 592 2684 recusantum
609 2641 639 2686 et
654 2647 715 2686 sera
730 2627 781 2686 sub
796 2643 884 2687 nocte
898 2627 1066 2699 rudentum,

295 2707 485 2786 saetigerique
500 2727 562 2766 sues
578 2722 666 2786 atque
681 2707 712 2766 in
727 2709 911 2787 praesepibus
926 2708 981 2767 ursi

295 2787 412 2860 saevire,
429 2807 461 2846 ac
476 2787 586 2847 formae
601 2809 770 2865 magnorum
785 2790 898 2849 ululare
912 2789 1058 2866 luporum,

296 2889 366 2946 quos
381 2869 534 2928 hominum
549 2889 586 2927 ex
602 2869 678 2929 facie
693 2870 747 2928 dea
760 2889 843 2930 saeva
856 2869 1026 2948 potentibus
1039 2867 1140 2929 herbis

295 2948 430 3008 induerat
446 2949 533 3009 Circe
548 2949 579 3007 in
594 2951 690 3010 vultus
705 2971 738 3009 ac
754 2965 831 3026 terga
848 2951 984 3010 ferarum.
1139 2979 1166 3007 ω

296 3050 369 3106 quae
385 3049 422 3088 ne
436 3046 564 3090 monstra
579 3030 620 3110 pii
637 3046 808 3109 paterentur
823 3031 891 3090 talia
906 3030 999 3089 Troes

295 3110 385 3168 delati
400 3111 431 3168 in
447 3126 555 3188 portus,
571 3131 628 3170 neu
644 3111 728 3171 litora
741 3112 803 3170 dira
818 3111 958 3184 subirent,

296 3189 454 3269 Neptunus
468 3191 564 3250 ventis
578 3191 702 3270 inplevit
716 3193 781 3250 vela
796 3193 939 3265 secundis,

296 3285 381 3350 atque
396 3271 494 3347 fugam
508 3270 599 3344 dedit,
615 3288 643 3332 et
657 3288 770 3351 praeter
783 3273 855 3332 vada
870 3271 982 3332 fervida
996 3271 1087 3332 vexit.

336 3351 451 3431 iamque
465 3353 635 3412 rubescebat
649 3353 735 3412 radiis
750 3374 837 3426 mare,
854 3369 883 3413 et
898 3355 1016 3413 aethere
1030 3353 1067 3412 ab
1082 3352 1143 3412 alto

454 3459 472 3506 4
488 3445 588 3506 signant.
656 3460 684 3508 13
702 3455 818 3495 nonumu
829 3447 854 3495 iu
866 3447 964 3496 lumine.
