2556 4116
394 403 580 452 BUCOLICAr
605 405 676 452 ECL.
692 405 718 452 V
981 421 1007 454 11

140 533 295 608 adgredere
311 553 328 590 o
343 532 591 607 magnos-aderit
605 533 662 591 iam
677 537 961 611 tempus-honores,

140 635 205 674 cara
219 614 308 672 deum
323 613 446 684 suboles,
460 632 598 689 magnum
613 615 689 672 Iovis
705 615 929 675 incrementum.

140 696 234 772 aspice
250 714 382 753 convexo
397 709 549 753 nutantem
563 695 690 772 pondere
705 696 856 768 mundum,
985 727 1011 766 50

140 792 286 854 terrasque
302 789 466 853 tractusque
481 775 564 833 maris
579 777 749 854 caelumque
764 778 963 854 profuuduru3

141 857 245 934 aspice,
262 871 385 914 venturo
399 857 544 914 laetantur
558 872 590 916 ut
605 859 702 916 omnia
715 858 817 917 saeclo.

141 959 159 996 o
172 937 245 996 mihi
262 953 320 996 tam
336 937 437 1012 longae
451 954 566 996 maneat
579 959 642 1016 pars
657 938 759 997 ultima
773 938 857 1009 vitae,

141 1018 256 1096 spiritus
271 1033 300 1077 et
314 1034 456 1095 quantum
471 1034 512 1076 sat
527 1019 581 1077 erit
596 1035 645 1077 tua
660 1019 755 1077 dicere
771 1020 855 1089 facta,

142 1121 198 1157 non
215 1119 262 1156 me
277 1099 450 1158 carminibus
466 1100 564 1158 vincat
579 1120 633 1158 nec
649 1100 793 1158 Thracius
809 1102 952 1178 Orpheus,

141 1201 195 1238 nec
207 1181 311 1250 Linus,
322 1180 390 1239 huic
402 1195 496 1238 mater
507 1181 636 1258 quamvis
648 1196 735 1258 atque
746 1181 814 1238 huic
830 1197 912 1258 pater
926 1182 1009 1254 adsit,

141 1261 253 1338 Orphei
270 1261 429 1337 Calliopea,
445 1261 521 1319 Lino
536 1263 673 1319 formosus
687 1261 802 1339 Apollo.

141 1343 201 1400 Pan
218 1342 314 1410 etiam,
328 1342 453 1400 Arcadia
468 1362 584 1400 mecum
599 1343 621 1400 si
636 1343 733 1401 iudice
748 1358 849 1413 certet,

142 1424 201 1481 Pan
217 1423 305 1482 etiam
319 1423 443 1481 Arcadia
458 1423 537 1481 dicat
551 1444 579 1481 se
594 1423 691 1481 iudice
705 1424 825 1482 victum.

141 1504 248 1581 incipe,
262 1524 349 1581 parve
364 1524 445 1580 puer,
459 1504 516 1562 risu
531 1523 703 1580 cognoscere
719 1521 837 1562 matrem
852 1530 860 1574 ;
983 1523 1010 1563 60

141 1585 222 1642 matri
238 1585 323 1659 longa
337 1584 440 1642 decem
456 1585 587 1644 tulerunt
600 1585 713 1643 fastidia
728 1606 848 1644 menses.

140 1665 247 1743 incipe,
263 1685 350 1742 parve
365 1685 459 1743 puer;
480 1665 528 1723 cui
543 1685 602 1723 non
617 1666 702 1724 risere
717 1681 857 1743 parentes,

140 1767 194 1805 nec
209 1746 278 1804 deus
293 1748 373 1804 hunc
388 1765 496 1816 mensa,
511 1746 564 1804 dea
578 1767 632 1804 nec
647 1746 763 1821 dignata
778 1747 867 1804 cubili
884 1763 934 1806 est.

443 1992 613 2054 ECLOGA
634 1995 663 2054 V

478 2129 628 2176 orsurus

410 2245 554 2292 Mruaucas.
589 2245 693 2294 Morsus.

183 2335 241 2394 Me.
264 2333 333 2394 Cun
354 2355 423 2406 non,
439 2335 552 2410 Mopse,
568 2333 636 2391 boni
659 2335 795 2412 quoniam
818 2334 1008 2394 convenimus

222 2416 316 2488 ambo,

141 2509 172 2554 tu
187 2496 312 2554 calamos
326 2495 427 2553 inflare
443 2496 528 2565 leves,
545 2515 597 2571 ego
611 2495 708 2554 dicere
722 2516 828 2566 versus,

139 2576 186 2633 hic
203 2575 307 2652 corylis
322 2576 424 2635 mixtas
439 2575 517 2634 inter
532 2576 712 2634 consedimus
728 2576 841 2634 ulmos?

183 2656 242 2714 Mo.
265 2671 296 2715 tu
306 2656 397 2715 maior
409 2681 418 2726 ;
433 2657 486 2714 tibi
496 2677 543 2714 me
554 2671 595 2715 est
605 2677 730 2734 aequum
739 2676 847 2734 parere,
857 2656 1007 2727 Menalca,

139 2737 199 2794 sive
214 2737 267 2794 sub
281 2736 405 2795 incertas
420 2737 564 2814 Zephyris
578 2737 754 2796 motantibus
769 2736 890 2806 umbras,

139 2817 199 2875 sive
214 2833 294 2876 antro
308 2817 403 2894 potius
418 2818 606 2878 succedimus.
649 2817 754 2895 aspice,
769 2832 801 2875 ut
816 2834 929 2876 antrum

139 2897 274 2956 silvestris
289 2899 356 2956 raris
371 2898 471 2976 sparsit
486 2899 614 2957 labrusca
628 2897 757 2957 racemis.

184 2981 243 3038 Me.
264 2980 411 3039 montibus
426 2979 456 3038 in
473 2981 573 3039 nostris
589 2979 664 3037 solus
683 2979 735 3036 tibi
751 2983 842 3036 cei'tat
855 2981 1006 3055 Amyntas.

182 3061 242 3120 Mo.
264 3059 1007 3139 quid,siidemcertetPhoebumsuperarecanendo?

183 3143 243 3200 Me.
264 3142 371 3219 incipe,
383 3142 497 3218 Mopse,
508 3141 594 3218 prior,
604 3140 625 3198 si
636 3161 705 3218 quos
717 3155 767 3198 aut
777 3139 919 3217 Phyllidis
928 3139 1007 3214 ignes

139 3236 188 3280 aut
203 3222 323 3280 Alconis
338 3223 424 3280 habes
439 3222 536 3280 laudes
552 3236 601 3279 aut
614 3219 706 3296 iurgia
722 3220 821 3279 Codri.
983 3249 1006 3276 ιι

138 3301 237 3380 incipe
251 3327 259 3372 ;
280 3318 430 3381 pascentes
445 3301 567 3360 servabit
582 3300 700 3378 Tityrus
715 3301 829 3361 haedos.

182 3383 243 3442 Mo.
265 3383 355 3442 immo
368 3384 450 3455 haec,
465 3383 496 3441 in
511 3381 595 3441 viridi
611 3401 703 3460 nuper
717 3403 791 3461 quae
806 3380 912 3440 cortice
929 3380 985 3456 fagi

280 3479 449 3539 521aetentur.
516 3487 545 3539 55
563 3486 623 3526 tum.
691 3487 719 3539 55
739 3475 823 3524 vincet.
870 3464 871 3471 ἵ
