2562 4114
437 307 685 398 aerumnosus.
704 347 755 395 XII

184 478 306 537 dissiluit
319 504 328 550 ;
349 479 428 536 fulva
442 479 628 557 resplendent
642 477 780 553 fragmina
793 479 910 537 harena.

184 580 250 636 ergo
265 579 364 618 amens
379 559 489 618 diversa
505 561 571 636 fuga
584 559 658 637 petit
672 569 794 637 aequora
810 559 940 630 Turnus,

185 657 214 699 et
228 661 307 700 nune
323 642 391 711 huc,
406 640 474 699 inde
487 643 544 699 huc
560 640 684 699 incertos
699 639 822 717 inplicat
836 641 918 699 orbes
930 664 939 708 ς

185 721 314 800 undique
329 722 408 781 euim
423 721 533 780 Teucri
549 722 637 780 densa
650 721 793 780 inclusere
808 741 922 793 corona,

185 818 270 880 atque
279 803 350 861 hinc
363 819 442 861 vasta
456 803 547 880 palus,
559 802 629 861 hinc
645 802 731 861 ardua
745 802 859 860 moenia
871 802 1002 878 cingunt.

227 903 281 942 nec
297 883 393 942 minus
408 885 531 954 Aeneas,
546 904 718 961 quamquam
734 883 842 941 tardata
856 883 958 959 sagitta

183 963 330 1022 interdum
345 985 441 1040 genua
455 964 609 1042 inpediunt
625 985 798 1042 cursumque
813 979 956 1034 recusant,

182 1044 353 1121 insequitur,
370 1045 533 1123 trepidique
546 1046 652 1122 pedem
666 1045 738 1123 pede
754 1045 878 1104 fervidus
894 1059 1016 1120 urguet:

182 1125 328 1184 inclusum
343 1125 471 1185 veluti'
451 1147 473 1183 s1
489 1125 605 1204 quando
620 1125 741 1184 flumine
756 1140 857 1184 nactus

183 1225 300 1264 cervum
315 1222 364 1264 aut
379 1206 519 1283 puniceae
535 1222 666 1284 saeptum
681 1207 876 1264 formidine
848 1227 964 1284 prunae,
1011 1235 1050 1274 7⁵0

182 1302 303 1344 venator
317 1307 402 1346 cursu
418 1287 496 1346 cauis
513 1303 541 1346 et
557 1287 726 1346 latratibus
718 1303 828 1358 rnstat;

182 1365 233 1424 ille
248 1383 354 1438 autem,
370 1367 480 1426 insidiis
496 1385 525 1426 et
538 1368 600 1461 ripa
616 1367 729 1426 territus
745 1368 809 1438 alta,

182 1447 264 1506 mille
279 1448 354 1523 fugit
371 1447 577 1526 refugitque
550 1470 630 1507 vias.
652 1464 681 1507 at
695 1448 807 1507 vividus
823 1448 937 1508 Umber

182 1529 279 1587 haeret
294 1529 409 1601 hians,
401 1550 459 1588 ram
473 1530 588 1608 iamque
602 1545 694 1600 tenet,
708 1529 866 1622 similisque
881 1528 995 1588 tenenti

173 1608 326 1686 ¹increpuit
340 1610 434 1681 malis,
449 1630 603 1689 morsuque
618 1575 735 1668 clusin
727 1610 806 1668 mani
821 1625 872 1669 est.

181 1705 243 1748 tum
258 1710 327 1749 vero
344 1690 470 1783 exoritur
486 1691 639 1762 clamor,
618 1711 754 1768 r1paeque
770 1691 906 1770 lacusque

180 1787 350 1848 responsant
366 1771 451 1841 circa,
467 1787 496 1829 et
511 1772 627 1829 caelum
642 1787 724 1828 tonat
738 1791 826 1829 omne
842 1772 980 1830 tumultu.

180 1850 232 1909 ille
246 1850 330 1909 simul
346 1852 460 1926 fugiens
476 1851 599 1908 Rutulos
615 1850 700 1908 simul
715 1850 846 1927 increpat
860 1871 970 1923 omnes,

181 1930 301 1990 nomine
316 1950 462 2008 quemque
477 1951 592 2000 vocans,
607 1946 768 2008 notumque
783 1931 918 2007 efflagitat
931 1953 1039 1999 ensem.

179 2012 293 2068 Aeneas
307 2026 431 2068 mortem
448 2027 548 2069 contra
562 2031 754 2088 praesensque
768 2011 895 2071 minatur
1011 2030 1048 2080 760

182 2091 315 2162 exitium,
329 2091 352 2149 si
367 2091 518 2184 quisquam
534 2091 627 2162 adeat,
642 2107 786 2168 terretque
803 2108 968 2165 trementes,

181 2171 344 2230 excisurum
360 2171 462 2230 urbem
477 2172 622 2243 minitans,
638 2188 667 2230 et
682 2172 794 2231 saucius
809 2173 905 2233 instat.

181 2252 310 2330 quinque
325 2253 408 2310 orbes
423 2253 541 2345 explent
557 2273 641 2312 cursu
658 2253 837 2331 totidemque
851 2270 988 2313 retexunt

181 2335 237 2391 huc
253 2333 347 2404 illuc;
368 2354 464 2412 neque
479 2333 559 2392 enim
573 2329 647 2392 levia
661 2350 710 2392 aut
725 2334 835 2393 ludicra
849 2351 989 2412 petuntur

180 2414 315 2491 praemia,
331 2414 381 2472 sed
396 2414 494 2472 Turni
508 2415 544 2473 de
558 2415 618 2473 vita
631 2430 662 2473 et
676 2415 814 2508 sanguine
830 2432 949 2476 certant

181 2496 255 2553 forte
269 2515 348 2553 sacer
362 2496 462 2553 Fauno
476 2496 554 2554 foliis
568 2497 692 2555 oleaster
706 2495 806 2554 amaris

179 2575 228 2635 hic
243 2591 371 2646 steterat,
387 2576 483 2634 nautis
498 2576 569 2635 olim
585 2577 749 2636 venerabile
764 2577 886 2653 lignum,

181 2656 284 2715 servati
300 2677 334 2715 ex
351 2657 436 2716 undis
452 2657 501 2715 ubi
517 2657 602 2733 figere
618 2659 693 2716 dona
708 2658 839 2717 solebant

180 2737 319 2797 Laurenti
335 2738 403 2797 divo
418 2753 448 2796 et
462 2755 540 2797 votas
555 2738 728 2817 suspendere
743 2755 835 2798 vestes
848 2763 858 2808 3

180 2818 230 2877 sed
244 2819 362 2896 stirpem
378 2819 488 2877 Teucri
504 2820 586 2878 nullo
600 2819 767 2878 discrimine
782 2841 894 2879 sacrum
1010 2851 1048 2889 7⁷0

180 2899 364 2971 sustulerant,
378 2921 452 2978 puro
466 2916 498 2958 ut
512 2915 630 2978 possent
644 2921 814 2960 concurrere
829 2921 942 2978 campo.

179 2980 229 3037 hic
243 2981 324 3038 hasta
339 2981 457 3039 Aeneae
472 2982 563 3040 stabat
576 3007 584 3052 3
606 2983 663 3039 hue
679 2981 803 3060 impetus
818 2983 897 3040 illam

180 3060 335 3130 detulerat,
349 3061 437 3120 fixam
453 3077 482 3120 et
496 3062 577 3120 lenta
591 3062 686 3120 radice
703 3063 831 3122 tenebat.

180 3140 316 3199 incubuit
330 3141 482 3220 voluitque
497 3163 585 3202 manu
600 3144 763 3202 convellere
775 3145 883 3202 ferrum
905 3189 908 3192 -
942 3147 945 3150 ’

180 3221 369 3293 Dardanides,
384 3224 502 3302 teloque
517 3223 608 3301 sequi,
623 3245 710 3302 quem
725 3225 865 3303 prendere
881 3246 964 3285 cursu

180 3323 239 3361 non
253 3317 377 3380 poterat.
420 3318 483 3363 tum
497 3325 564 3363 vero
578 3325 677 3362 amens
692 3305 844 3365 formidine
860 3306 988 3377 Turnus,

151 3413 196 3460 741
216 3400 344 3461 resplendet
355 3399 467 3460 fragmen.
535 3400 582 3461 746
601 3401 713 3448 tardante.
781 3414 827 3462 773
847 3401 918 3447 fixam
930 3403 992 3449 lenta
1003 3398 1038 3448 ab.
