2558 4112
407 1214 530 1276 risen
552 1215 757 1294 annrus

168 1389 316 1447 Pronurus
330 1386 398 1447 aerii
413 1388 507 1446 mellis
523 1389 657 1448 caelestia
670 1389 746 1448 dona

168 1489 316 1548 exsequar.
357 1471 434 1527 hanc
450 1468 545 1540 etiarn,
562 1470 727 1542 Maecenas,
743 1469 838 1548 aspice
853 1485 973 1548 partem.

167 1549 333 1609 admiranda
347 1549 400 1607 tibi
416 1549 525 1608 levium
540 1551 705 1628 spectacula
720 1571 826 1620 rerum,

167 1630 423 1768 magnanimosque
438 1629 526 1688 duces
539 1631 685 1709 totiusque
700 1631 802 1690 ordine
816 1632 907 1707 gentis

166 1731 260 1770 mores
276 1726 306 1770 et
320 1725 365 1770 stu
388 1711 414 1768 ia
428 1725 457 1768 et
471 1711 593 1789 populos
610 1727 639 1770 et
652 1712 762 1789 proelia
778 1711 883 1772 dicam.

165 1791 197 1850 in
213 1792 294 1852 tenui
309 1791 411 1862 labor;
432 1806 461 1849 at
476 1791 570 1850 tenuis
586 1811 644 1850 non
659 1791 757 1867 gloria,
772 1792 794 1850 si
810 1812 898 1870 quem

166 1873 288 1932 numina
303 1873 384 1931 laeva
399 1871 499 1930 sinunt
513 1872 650 1950 auditque
665 1887 782 1930 vocatus
796 1872 913 1949 Apollo.

207 1953 352 2031 principio
368 1953 447 2011 sedes
463 1952 563 2030 apibus
580 1952 722 2031 statioque
737 1954 872 2031 petenda,

167 2055 225 2112 quo
239 2055 336 2112 neque
351 2033 387 2092 sit
401 2033 495 2092 ventis
511 2033 713 2093 aditus-nam
730 2034 834 2111 pabula
848 2034 928 2093 venti

166 2117 242 2174 ferre
256 2115 375 2174 domum
386 2114 679 2193 prohibent-neque
692 2133 757 2174 oves
773 2115 914 2195 haedique
925 2114 1036 2194 petulci

167 2194 284 2255 floribus
299 2195 450 2267 insultent,
464 2211 514 2254 aut
530 2215 625 2252 errans
641 2195 747 2254 bucula
762 2215 865 2274 campo
1013 2225 1036 2253 11

166 2276 294 2336 decutiat
308 2296 401 2336 rorem
416 2292 446 2334 et
461 2290 609 2353 surgentes
626 2289 728 2334 atterat
742 2276 852 2334 herbas.

167 2358 261 2417 absint
276 2373 305 2418 et
318 2357 391 2436 picti
408 2357 567 2436 squalentia
585 2373 663 2433 terga
678 2356 778 2415 lacerti
963 2411 968 2424 ,

166 2439 320 2516 pinguibus
335 2459 352 2497 a
365 2439 483 2498 stabulis
499 2457 688 2517 meropesque
704 2437 833 2515 aliaeque
847 2437 990 2507 volucres,

167 2536 197 2579 et
211 2521 341 2580 manibus
358 2520 469 2580 Procne
484 2536 584 2599 pectus
601 2519 709 2595 signata
725 2517 875 2587 cruentis,;

167 2602 265 2661 omnia
279 2622 346 2660 narn
361 2602 419 2660 late
433 2616 546 2659 vastant
563 2601 694 2680 ipsasque
707 2601 838 2658 volantes

167 2703 215 2742 ore
230 2684 326 2742 ferunt
340 2683 458 2741 dulcem
473 2681 548 2740 nidis
564 2682 716 2740 inmitibus
732 2699 836 2741 escam.

168 2780 196 2823 at
210 2764 314 2842 liquidi
330 2764 424 2822 fontes
441 2778 470 2822 et
485 2777 582 2838 stagna
599 2762 722 2821 virentia
735 2783 833 2820 musco

167 2845 260 2903 adsint
275 2859 305 2903 et
318 2844 412 2903 tenuis
427 2844 540 2920 fugiens
556 2864 608 2922 per
624 2843 753 2920 gramina
767 2841 853 2914 rivus,

166 2926 321 3004 palmaque
334 2925 509 2984 vestibulum
525 2940 575 2984 aut
590 2924 690 3000 ingens
706 2925 827 2982 oleaster
841 2923 997 2995 inumbret,
1013 2952 1038 2979 20

168 3021 209 3079 ut,
225 3026 292 3065 cum
307 3006 399 3085 prima
415 3005 482 3064 novi
498 3005 607 3065 ducent
623 3005 756 3064 examina
770 3024 849 3080 reges

166 3107 233 3146 vere
248 3108 310 3159 suo,
324 3087 462 3166 ludetque
478 3086 548 3145 favis
564 3085 665 3145 emissa
681 3086 826 3157 iuventus,

167 3167 263 3226 vicina
277 3168 381 3227 invitet
394 3167 534 3227 decedere
550 3167 611 3244 ripa
627 3166 715 3226 calori

167 3247 309 3326 obviaque
324 3247 454 3327 hospitiis
470 3261 567 3307 teneat
584 3247 783 3306 frondentibus
798 3247 888 3306 arbos.

167 3326 197 3386 in
213 3328 352 3402 medium,
367 3349 416 3388 seu
432 3328 518 3388 stabit
533 3327 608 3386 iners
624 3349 673 3387 seu
689 3327 812 3406 profluet
827 3347 917 3396 umor,

168 3421 340 3468 transversas
353 3409 452 3470 salices
468 3426 497 3468 ct
511 3409 630 3484 grandia
647 3409 748 3468 conice
763 3429 838 3480 saxa,
