2568 4114
258 321 302 372 182
533 315 559 362 Ρ.
577 313 720 362 VERGILI
738 314 898 363 MARONIS

298 459 398 524 totque
413 465 486 518 sues,
501 445 625 505 totidem
640 445 786 538 nigrantes
802 460 880 521 terga
895 445 1051 516 iuvencos3

297 526 423 605 vinaque
437 525 580 585 fundebat
593 525 711 604 pateris,
726 526 911 604 animamque
926 527 1047 586 vocabat

296 607 443 666 Anchisae
457 627 557 700 magur
546 607 735 701 'Manesque
748 608 918 668 Acheronte
932 607 1073 667 remissos.

298 708 353 747 nec
369 708 429 746 non
444 704 473 746 et
488 687 568 762 socii,
584 709 658 766 quae
673 688 780 767 cuique
795 703 838 746 est
852 688 946 767 copia,
960 688 1030 747 laeti
1127 719 1166 748 ιω

298 770 374 828 dona
388 769 496 841 ferunt,
511 785 635 828 onerant
650 791 720 842 aras,
736 783 923 847 mactantque
938 769 1093 828 iuvencos:

297 849 400 909 ordine
416 859 486 908 aena
501 851 601 909 locant
615 850 675 922 alii,
691 849 805 928 fusique
819 871 872 927 per
885 850 1007 909 herbam

297 931 445 990 subiciunt
458 930 573 990 veribus
587 951 704 1009 prunas,
720 945 750 989 et
764 931 873 990 viscera
888 944 1009 990 torrent.

338 1026 502 1090 exspectata
517 1011 579 1070 dies
594 1013 703 1084 aderat,
718 1031 885 1089 nonamque
900 1030 1000 1069 serena

295 1093 438 1152 Auroram
454 1092 643 1151 Phaethontis
659 1091 726 1171 equi
741 1091 800 1152 iam
814 1092 879 1154 luce
893 1091 1049 1164 vehebant,

297 1174 430 1251 famaque
446 1173 586 1232 finitimos
601 1189 630 1232 et
645 1174 715 1232 clari
731 1193 840 1232 nomen
854 1174 979 1232 Acestae

297 1253 441 1312 excierat:
463 1255 540 1313 laeto
554 1254 743 1333 complebant
757 1253 842 1312 litora
857 1269 973 1326 coetu,

210 1375 212 1380 -
296 1334 384 1393 visurr
376 1334 561 1428 Aeneadas,
575 1356 640 1414 pars
656 1350 686 1394 et
700 1350 811 1394 certare
825 1334 927 1413 parati.

296 1434 416 1473 munera
429 1414 577 1508 principio
591 1430 659 1475 ante
675 1415 813 1475 oculos'
788 1435 924 1493 circoque
938 1414 1071 1474 locantur

296 1495 327 1554 in
342 1495 448 1568 medi0,
464 1515 535 1555 sacn
527 1495 678 1574 'tripodes
693 1495 858 1575 viridesque
872 1515 995 1555 coronae
1126 1525 1163 1552 110

297 1592 326 1635 et
340 1576 453 1654 palmae
467 1576 595 1655 pretium
609 1576 778 1672 victoribus,
793 1597 938 1656 armaque,
937 1571 983 1634 *et
997 1590 1073 1634 ostro

295 1657 428 1736 perfusae
442 1673 545 1730 vestes,
560 1658 672 1734 argenti
688 1658 807 1750 aurique
823 1659 949 1716 talenta:

296 1753 326 1798 et
340 1738 409 1798 tuba
424 1738 590 1798 commissos
605 1738 704 1799 medio
718 1739 798 1797 canit
813 1759 913 1814 aggere
928 1738 1020 1798 ludos.

295 1819 388 1898 prima
402 1841 484 1898 pares
498 1819 604 1879 ineunt
617 1819 751 1896 gravibus
766 1819 925 1878 certamina
939 1818 1024 1878 remis

296 1915 432 1978 quattuor
446 1921 482 1958 ex
496 1901 578 1960 omni
592 1900 724 1960 delectae
740 1901 828 1959 classe
843 1900 977 1961 carinae:

294 1981 426 2041 velocem
442 1981 616 2040 Mnestheus
631 1980 692 2058 agit
705 1981 763 2040 acri
779 1980 887 2057 remige
903 1980 1029 2051 Pristim,

295 2081 362 2120 mox
377 2061 467 2120 Italus
483 2062 667 2134 Mnestheus,
679 2081 770 2139 genus
786 2083 801 2120 a
816 2081 875 2140 quo
889 2061 1008 2120 nomine
1024 2059 1158 2139 Memmi,

294 2141 503 2221 ingentemque
518 2143 598 2220 Gyas
612 2141 726 2220 ingenti
742 2143 819 2201 mole
835 2141 1030 2213 Chimaeram,

294 2223 372 2282 urbis
387 2243 468 2301 opus,
484 2223 592 2301 triplici
607 2225 699 2301 pubes
714 2243 801 2302 quam
816 2223 953 2281 Dardana
967 2241 1050 2281 versu

293 2303 450 2382 inpellunt,
466 2318 551 2364 terno
565 2319 743 2380 consurgunt
758 2303 860 2362 ordine
875 2303 967 2372 remi3
1121 2331 1158 2359 ιω

293 2386 508 2464 Sergestusque,
523 2385 626 2444 domus
642 2400 725 2444 tenet
739 2406 755 2443 a
769 2405 827 2464 quo
843 2383 940 2460 Sergia
955 2403 1072 2456 nomen,

294 2465 444 2526 Centauro
459 2465 608 2526 invehitur
622 2487 734 2542 magna,
751 2466 903 2543 Scyllaque
919 2465 1081 2524 Cloanthus

292 2547 434 2620 caerulea,
448 2567 538 2623 genus
553 2547 632 2606 unde
647 2546 710 2619 tibi,
726 2546 858 2605 Romane
874 2543 1007 2605 Cluenti.

333 2643 377 2686 est
390 2627 515 2705 procul
507 2647 539 2686 ιιι
553 2627 655 2705 pelago
670 2648 770 2686 saxum
785 2626 948 2704 spumantia
963 2641 1064 2685 contra

292 2707 386 2780 litora,
401 2708 479 2787 quod
494 2707 613 2766 tumidis
628 2709 808 2768 submersum
824 2707 958 2767 tunditur
971 2706 1042 2766 olim

292 2787 437 2861 fluctibus,
453 2788 569 2848 hiberni
584 2790 717 2848 condunt
732 2789 782 2854 ubi
797 2788 890 2848 sidera
905 2786 995 2857 Cori;

293 2869 449 2948 tranquillo
464 2869 564 2942 silet,
556 2885 726 2949 rumotaque
741 2869 884 2928 attollitur
898 2869 977 2927 unda

292 2969 409 3026 campus
425 2965 455 3008 et
469 2951 573 3028 apricis
588 2950 674 3009 statio
688 2949 848 3027 gratissima
862 2948 977 3026 mergis.

292 3029 340 3087 hie
354 3029 478 3090 viridem
492 3034 605 3090 Aeneas
621 3031 770 3090 frondenti
787 3051 822 3089 ex
837 3030 905 3090 ilice
919 3044 1028 3088 metam
1095 3051 1097 3058 ·

291 3109 444 3170 constituit
458 3111 573 3188 signum
588 3113 682 3171 nautis
697 3127 788 3190 pater,
804 3111 883 3170 unde
897 3109 1004 3170 reverti
1123 3135 1160 3175 130

291 3189 399 3249 scirent
414 3205 443 3248 et
457 3191 558 3268 longos
574 3192 623 3251 ubi
638 3191 869 3285 circumflectere
884 3211 992 3251 cursus.

292 3285 354 3345 tum
370 3269 433 3330 loca
448 3287 524 3330 sorte
539 3273 674 3348 legunt,
666 3273 779 3352 ipsique
794 3272 826 3331 in
840 3271 986 3351 puppibus
1002 3289 1070 3330 auro

489 3378 534 3426 107
552 3368 703 3427 complerant.
740 3380 784 3412 112
802 3367 926 3412 talentum.
