2568 4114
424 339 591 387 nsumuos
609 339 672 388 ιιι.
689 340 728 388 vr
981 352 1027 404 225

162 489 317 547 corporeae
333 468 480 528 excedunt
493 485 597 548 pestes,
612 469 786 548 penitusque
800 489 916 530 necesse
932 485 975 530 est

161 551 253 609 multa
268 550 319 609 diu
335 567 471 611 concreta
485 550 577 609 modis
592 550 753 610 inolescere
767 551 856 610 miris.

162 651 228 707 ergo
244 646 416 691 exercentur
430 631 539 709 poenis,
555 646 744 709 veterumque
758 632 901 690 malorum

162 711 304 790 supplicia
319 712 497 790 expendunt.
540 712 613 770 aliae
627 713 796 790 panduntur
810 711 910 771 inanes
991 742 1029 782 740

161 812 316 869 suspensae
331 792 367 851 ad
381 808 500 864 ventos3
522 792 585 851 aliis
600 794 653 851 sub
667 792 780 868 gurgite
794 808 873 850 vasto

160 872 305 932 infectum
320 873 429 932 eluitur
443 874 544 946 scelus,
560 889 609 938 aut
623 873 754 932 'exuritur
768 873 839 950 igni.

160 953 283 1033 quisque
298 974 362 1012 suos
375 954 503 1032 patimur
518 954 643 1026 Manes;
665 954 771 1014 exinde
785 955 981 1032 peramplum

161 1035 306 1093 mittimur
320 1035 450 1111 Elysium
466 1050 495 1094 et
509 1035 595 1112 pauci
611 1034 686 1094 laeta
701 1056 766 1094 arva
781 1051 924 1106 tenemus,

161 1115 256 1174 donec
271 1116 356 1191 longa
371 1116 441 1187 dies,
456 1117 587 1194 perfecto
602 1115 737 1194 temporis
752 1116 829 1188 orbe,

162 1211 328 1255 concretam
344 1197 452 1255 exemit
467 1196 571 1268 labem,
585 1217 749 1275 purumque
764 1195 883 1274 reliquit

162 1276 324 1336 aetherium
338 1297 453 1336 sensum
469 1293 555 1355 atque
570 1298 647 1336 aurar
640 1277 824 1355 ‘'simplicis
816 1297 923 1352 rgnem.

161 1360 212 1416 has
227 1377 335 1430 omnes,
352 1357 401 1416 ubi
417 1357 498 1416 mille
513 1373 606 1416 rotam
621 1359 738 1416 volvere
752 1378 803 1436 per
817 1377 918 1429 annos,

162 1438 326 1497 Lethaeum
341 1438 377 1498 ad
392 1437 514 1497 fluvium
529 1439 600 1498 deus
617 1454 717 1498 evocat
731 1438 846 1530 agmine
860 1457 974 1514 magno,

163 1518 296 1578 scilicet
288 1538 463 1578 rnmemores
477 1540 579 1598 supera
594 1534 627 1578 ut
641 1539 771 1578 convexa
785 1519 909 1578 revisant
991 1547 1029 1588 ⁷⁵0

161 1621 255 1658 rursus
271 1615 300 1658 et
314 1600 457 1678 incipiant
471 1601 503 1659 in
518 1620 637 1679 corpora
651 1600 728 1660 velle
742 1597 866 1659 reverti?

202 1681 315 1740 dixerat
328 1681 479 1753 Anchises,
495 1697 656 1760 natumque
673 1701 790 1759 unaque
806 1679 945 1757 Sibyllam

162 1777 323 1821 conventus
338 1763 447 1821 trahit'
440 1783 471 1820 m
487 1762 606 1834 medios,
622 1761 796 1839 turbamque
811 1775 973 1831 sonantem,

162 1858 193 1901 et
207 1843 353 1902 tumulum
368 1843 455 1921 capit,
471 1843 548 1900 unde
563 1862 665 1899 omnes
680 1841 767 1916 longo
780 1840 882 1900 ordine
896 1855 991 1916 posset

161 1923 293 1982 adversos
307 1924 401 1998 legere
416 1939 446 1981 et
460 1921 631 1980 venientum
646 1921 757 1980 discere
771 1920 877 1979 vultus.

141 2009 241 2062 ‘nunc
257 2024 317 2079 age,
332 2001 509 2062 Dardaniam
523 2003 636 2079 prolem
650 2019 724 2080 quae
739 2001 845 2060 deinde
860 2018 995 2080 sequatur

159 2084 260 2160 gloria,
275 2082 325 2160 qui
340 2097 478 2140 maneant
492 2082 565 2140 Itala
580 2082 616 2140 de
630 2098 718 2176 gente
733 2098 863 2176 nepotes,

160 2164 297 2222 inlustres
311 2163 419 2220 animas
435 2178 622 2241 nostrumque
637 2163 668 2220 in
684 2183 791 2222 nomen
806 2162 905 2235 ituras,

160 2243 315 2322 expediam
330 2242 426 2313 dictis,
440 2259 469 2301 et
485 2258 514 2301 te
529 2257 578 2302 tua
593 2244 652 2302 fata
665 2243 785 2304 docebo.

160 2325 221 2394 ille,
237 2323 327 2393 vides,
341 2344 413 2402 pura
427 2323 540 2383 iuvenis
555 2323 605 2402 qui
621 2323 725 2384 nititur
738 2326 828 2396 hasta,
989 2341 1027 2391 ,ιο

160 2404 292 2498 proxima
306 2421 383 2464 sorte
398 2420 479 2464 tenet
494 2404 567 2464 lucis
582 2405 654 2476 loca,
669 2405 778 2484 primus
793 2405 830 2463 ad
844 2423 925 2464 auras

161 2485 301 2545 aetherias
316 2486 391 2544 Italo
406 2485 581 2544 commixtus
594 2486 735 2562 sanguine
749 2501 855 2562 surget,

163 2567 277 2640 Silvius,
292 2568 442 2626 Albanum
456 2586 576 2638 nomen,
591 2584 641 2626 tua
655 2582 788 2645 postuma
794 2566 916 2660 proles;

161 2668 248 2726 quem
264 2647 316 2706 tibi
332 2648 474 2724 longaevo
488 2668 583 2706 serum
598 2647 720 2706 Lavinia
735 2647 864 2708 coniunx

163 2728 267 2786 educet
281 2728 359 2787 silvis
373 2749 470 2805 regem
485 2749 643 2806 regumque
657 2745 826 2806 parentem3

163 2809 240 2867 unde
255 2829 345 2884 genus
360 2810 459 2886 Longa
475 2824 604 2868 nostrum
619 2809 818 2868 dominabitur
832 2808 918 2868 Alba.

161 2889 309 2966 proximus
323 2889 374 2948 ille
390 2890 503 2962 Procas,
517 2889 664 2949 Troianae
678 2890 767 2966 gloria
781 2889 886 2966 gentis,

161 2985 191 3028 et
207 2970 312 3048 Capys,
329 2988 358 3028 et
372 2970 522 3043 Numitor,
537 2970 630 3050 etqui
646 2987 675 3029 te
690 2970 809 3030 nomine
824 2970 925 3031 reddet

162 3051 267 3110 Silvius
281 3051 404 3120 Aeneas,
419 3051 527 3128 pariter
539 3051 648 3128 pietate
663 3052 709 3110 vel
726 3051 810 3110 armis

162 3131 300 3226 egregius,
316 3131 339 3189 si
354 3151 492 3210 umquam
507 3131 682 3206 regnandam
697 3132 842 3226 acceperit
856 3132 971 3193 Albam.
988 3159 1027 3200 no

160 3213 211 3291 qui
226 3211 362 3271 iuvenes!
385 3227 505 3291 quantas
519 3227 675 3284 ostentant,
690 3212 795 3290 aspice,
810 3211 893 3285 vires,

162 3309 250 3372 atque
264 3293 396 3352 umbrata
409 3307 514 3368 gerunt
527 3291 607 3352 civili
623 3308 753 3372 tempora
767 3293 892 3373 quercu!

474 3400 521 3448 747
539 3401 607 3434 aurae
617 3385 677 3438 codd.

569 3473 589 3524 Q
