2562 4114
250 345 299 408 284
523 344 551 393 r
568 341 711 391 varient
728 340 884 390 nuuours

290 475 406 553 iamque
421 473 457 533 ad
472 471 600 551 Messapi
615 472 706 533 socios
721 471 881 544 tendebat,
902 471 965 530 ibi
958 492 1057 547 rgnem

290 555 415 615 deficere
432 570 596 613 extremum
611 571 641 612 et
654 553 824 630 religatos
803 569 857 612 rrte
872 552 989 612 videbat

290 657 409 714 carpere
423 655 542 712 gramen
553 655 667 728 equos·
689 634 816 692 breviter
830 654 897 692 eum
912 633 981 692 talia
995 633 1129 692 Nisus-

289 716 379 776 sensit
393 715 474 775 enim
488 715 579 774 nimia
595 714 683 774 caede
699 730 785 808 atque
800 715 938 794 cupidine
953 713 1064 774 ferri-

270 797 474 869 ‘absistamue’
489 797 565 868 ait‚‘
576 815 645 854 nam
659 795 734 854 lur
726 795 845 854 rnimica
859 795 1045 874 propinquat.

288 898 450 957 poenarum
465 879 639 937 exhaustum
654 876 720 935 satis
736 892 800 947 est;
821 875 867 934 via
882 877 958 935 lacta
972 896 1025 954 per
1039 876 1155 935 hostes)

289 958 423 1018 multa
396 978 491 1018 vrrum
506 957 600 1016 solido
615 973 735 1032 argento
749 957 879 1034 perfecta
894 956 1066 1036 relinquunt

289 1060 425 1119 armaque
440 1054 621 1116 craterasque
636 1037 722 1096 simul
738 1037 933 1115 pulchrosque
948 1052 1067 1114 tapetas.

290 1122 430 1198 Euryalus
444 1120 578 1198 phaleras
593 1118 766 1177 Rhamnetis
782 1133 811 1177 et
825 1137 910 1176 aurea
924 1117 1011 1177 bullis

290 1202 416 1277 cingula,
432 1199 553 1259 Tiburti
569 1199 697 1258 Remulo
711 1198 868 1258 ditissimus
881 1197 953 1257 olim
1121 1217 1157 1266 360

290 1302 364 1360 quae
378 1281 470 1341 mittit
484 1281 571 1354 dona,
586 1279 713 1358 hospitio
728 1299 797 1338 cum
811 1279 945 1356 iungeret
959 1279 1070 1351 absens,

291 1362 457 1433 Caedicus,
479 1362 532 1421 ille
546 1382 598 1421 suo
614 1360 740 1420 moriens
756 1361 804 1419 dat
819 1361 925 1419 habere
940 1359 1063 1438 nepoti3

289 1458 356 1522 post
370 1458 495 1501 mortem
510 1443 589 1502 bello
606 1441 710 1501 Rutuli
724 1461 879 1520 pugnaque
892 1440 1000 1518 potiti·

290 1525 364 1584 haec
377 1523 453 1600 rapit
467 1539 555 1600 atque
571 1522 678 1581 umeris
693 1521 871 1614 nequiquam
886 1521 1006 1580 fortibus
1022 1535 1111 1599 aptat.

291 1620 354 1663 tum
368 1603 479 1680 galeam
495 1603 622 1681 Messapi
638 1603 768 1662 habilem
783 1601 933 1680 cristisque
947 1601 1084 1660 decoram

289 1683 397 1745 induit.
440 1682 588 1743 excedunt
603 1683 702 1743 castris
718 1699 747 1742 et
763 1697 824 1742 tuta
840 1697 1001 1761 capessunt.

331 1764 443 1824 interea
457 1765 604 1843 praemissi
621 1764 733 1843 equites
747 1784 783 1823 ex
798 1763 869 1823 urbe
883 1763 998 1834 Latina,

291 1861 388 1906 cetera
402 1845 473 1904 dum
488 1845 565 1922 legio
579 1845 688 1924 campis
703 1845 844 1904 instructa
859 1859 995 1916 moratur,

290 1927 373 1988 ibant
388 1941 418 1986 et
433 1927 538 1985 Turno
552 1926 613 2002 regi
628 1947 764 2004 responsa
779 1925 921 1998 ferebant,

292 2022 479 2080 tercentum,
494 2007 599 2066 scutati
615 2026 727 2080 omnes,
742 2007 890 2066 Volcente
904 2005 1049 2082 magistro.
1122 2033 1159 2074 370

291 2088 408 2166 iamque
422 2087 659 2167 propinquabant
674 2086 772 2147 castris
787 2107 927 2166 muroque
942 2086 1088 2158 subibant,

291 2188 359 2228 cum
373 2167 475 2247 procul
491 2169 543 2227 hos
559 2169 643 2227 laevo
658 2167 810 2227 flectentes
825 2167 920 2227 limite
934 2182 1069 2238 cernunt,

292 2264 322 2308 et
335 2249 417 2326 galea
431 2249 592 2326 Euryalum
606 2249 743 2308 sublustri
759 2247 854 2308 noctis
869 2248 901 2306 in
915 2248 1017 2307 umbra

291 2329 421 2407 prodidit
436 2329 629 2392 inmemorem
645 2329 789 2408 radiisque
804 2329 921 2388 adversa
934 2328 1058 2388 refulsit.

291 2410 649 2471 haudtemereestvisum.
681 2408 1158 2486 conclamatabagmineVolcens:

272 2496 373 2562 ‘state
387 2490 450 2550 viri.
494 2511 568 2569 quae
583 2490 766 2550 causariae?
788 2491 875 2570 quive
890 2489 957 2549 estis
971 2489 1002 2548 in
1018 2488 1127 2547 armis?

217 2579 218 2584 ’
291 2591 386 2650 quove
401 2571 506 2631 tenetis
521 2572 576 2630 iter
587 2571 614 2630 ι’
655 2571 731 2630 nihil
746 2571 791 2630 illi
807 2570 928 2630 tendere
943 2585 1053 2642 contra,

291 2652 343 2712 sed
356 2653 484 2712 celerare
499 2652 621 2728 fugam
613 2673 645 2712 ιιι
660 2651 743 2712 silvas
758 2668 788 2711 et
802 2651 891 2711 fidere
906 2651 997 2712 nocti.

291 2732 425 2792 obiciunt
440 2732 552 2825 equites
567 2753 628 2792 sese
643 2733 681 2792 ad
695 2732 819 2792 divortia
834 2749 903 2792 nota

291 2813 362 2874 hinc
386 2827 475 2893 atque
499 2812 578 2886 hine,
605 2833 782 2894 omnemque
803 2813 914 2872 abitum
938 2811 1058 2872 custode
1081 2830 1162 2872 coro·
1261 2863 1262 2900 y

374 2909 456 2955 nant.
1126 2909 1165 2960 380

291 2973 363 3033 silva
378 2974 435 3034 fuit
449 2975 508 3034 late
523 2975 620 3034 dumis
634 2992 722 3055 atque
737 2951 805 3034 ilice
819 2975 900 3052 nigra

291 3055 417 3129 horrida,
432 3075 519 3135 quam
535 3055 618 3115 densi
634 3056 817 3134 complerant
832 3055 960 3134 undique
974 3069 1096 3113 sentes·
1087 3097 1096 3123 ,

292 3155 354 3192 rara
367 3155 421 3212 per
434 3137 565 3196 occultos
581 3137 699 3196 lucebat
714 3137 816 3196 semita
831 3137 930 3196 ealles.

293 3215 452 3292 Euryalum
466 3217 604 3276 tenebrae
620 3237 766 3278 ramorum
780 3237 960 3295 onerosaque
973 3214 1082 3294 praeda
1261 3199 1262 3292 J

293 3294 451 3373 inpediunt
466 3297 601 3377 fallitque
616 3297 704 3357 timor
718 3297 837 3374 regione
852 3297 973 3366 viarum.
1261 3299 1262 3340 l

288 3450 291 3461 ι
385 3401 430 3452 375
449 3404 536 3450 aggere.
619 3389 666 3454 380
682 3389 782 3441 aditum.
848 3390 894 3453 383
911 3389 1016 3438 ducebat
