2568 4114
29 3051 32 3090 l

408 351 575 400 marinos
593 352 656 401 cru.
673 354 713 401 ιιι
979 373 1022 423 175

150 481 172 539 si
187 494 218 541 tc
231 481 276 540 his
291 481 418 557 attigerit
432 482 514 540 terris
528 484 639 542 Aurora
655 500 827 546 morantem.

149 561 215 620 heia
230 582 290 638 age,
300 583 408 640 rumpe
422 583 524 622 moras.
565 564 677 622 varium
693 579 722 622 et
736 566 878 626 mutabile
893 588 1006 647 semper

99 637 280 702 femina!
322 642 362 701 sic
376 643 452 702 fatus
466 644 545 704 nocti
561 665 591 703 se
605 643 754 703 inmiscuit
768 661 855 706 atrae
982 677 1021 718 ⁵70

190 737 253 782 tum
267 743 336 782 vero
349 725 463 783 Aeneas
479 725 580 784 subitis
595 726 748 785 exterritus
764 726 871 785 umbris

131 803 274 917 corripit
284 824 300 864 e
315 825 416 864 somno
431 826 543 883 corpus,
559 807 707 885 sociosque
722 807 841 883 fatigat:

131 884 321 963 ‘praecipites
334 886 504 962 vigilate,
478 886 542 958 vrri,
558 902 588 945 et
605 887 749 947 considite
765 889 912 960 transtris;

148 965 253 1024 solvite
266 967 371 1026 vela
345 967 406 1027 crti.
449 967 520 1026 deus
533 969 650 1026 aethere
665 969 765 1027 missus
779 970 815 1028 ab
830 969 890 1028 alto

148 1046 287 1107 festinare
302 1047 401 1124 fugam
416 1063 563 1126 tortosque
578 1048 709 1107 incidere
724 1049 809 1108 funes

149 1147 218 1186 ecce
232 1128 340 1186 iterum
354 1127 526 1186 instimulat.
568 1129 716 1207 sequimur
727 1144 766 1202 te,
779 1145 878 1189 sancte
889 1131 1018 1206 deorum,

149 1208 277 1286 quisquis
292 1228 330 1280 es,
345 1207 528 1285 imperioque
543 1209 648 1267 iterum
662 1229 795 1287 paremus
809 1227 937 1272 ovantes.

149 1289 221 1347 adsis
236 1309 255 1346 o
268 1288 458 1367 placidusque
473 1289 563 1362 iuves,
580 1304 610 1347 ct
624 1289 716 1348 sidera
730 1291 812 1349 caelo

149 1370 249 1428 dextra
265 1369 357 1428 feras.’
399 1369 483 1441 dixit,
499 1369 661 1449 vaginaque
676 1371 762 1448 eripit
777 1393 875 1432 ensem

149 1450 335 1522 fulmineum,
351 1450 509 1528 strictoque
524 1451 594 1509 ferit
607 1452 767 1511 retinacula
782 1454 868 1514 ferro.
981 1474 1020 1522 5³0

149 1529 226 1589 idern
236 1550 337 1589 omnes
348 1530 434 1589 simul
446 1532 529 1590 ardor
541 1532 647 1603 habet3
669 1533 842 1613 rapiuntque
853 1550 1018 1614 ruuntque:

148 1611 232 1670 litora
247 1612 418 1682 deseruere,
440 1613 511 1671 latet
526 1613 578 1671 sub
594 1613 730 1672 classibus
744 1635 870 1694 aequor3

147 1692 246 1750 adnixi
262 1708 400 1771 torquent
415 1713 529 1771 spumas
544 1708 573 1752 et
587 1695 701 1753 caerula
715 1712 844 1755 verrunt.

188 1789 218 1831 et
231 1773 290 1832 iam
304 1773 397 1851 prima
413 1793 489 1831 novo
504 1776 653 1852 spargebat
667 1776 780 1834 lumine
794 1791 882 1835 terras

148 1853 274 1912 Tithoni
290 1874 425 1912 croceum
441 1853 578 1945 linquens
592 1857 703 1915 Aurora
716 1855 823 1916 cubile.

147 1936 245 2010 regina
260 1955 275 1994 e
290 1934 413 2012 speculis
429 1951 462 1993 ut
475 1935 602 2012 primum
617 1937 762 1996 albescere
777 1939 874 1997 lucem

147 2014 229 2087 vidit,
246 2030 275 2074 et
289 2015 416 2094 aequatis
432 2015 551 2074 classem
566 2017 725 2094 procedere
738 2019 819 2092 velis,

148 2061 289 2175 litorique
305 2110 334 2155 ct
348 2117 452 2155 vacuos
468 2095 557 2154 sensit
571 2097 634 2155 sine
648 2099 756 2176 remige
769 2117 879 2178 portus,

148 2193 248 2255 terque
262 2192 421 2256 quaterque
436 2197 525 2236 manu
540 2193 643 2254 pectus
656 2200 788 2256 percussa
803 2181 942 2240 decorum

146 2256 342 2370 flaventesque
358 2258 478 2317 abscissa
494 2278 600 2330 comas,
618 2263 688 2336 ‘pro
703 2261 852 2338 Iuppiter!
876 2262 931 2320 ibit
980 2290 1018 2330 590

146 2336 214 2411 hic,'
228 2338 277 2410 ait,
294 2345 342 2397 ‘et
356 2339 459 2399 nostris
474 2338 608 2398 inluserit
623 2340 734 2398 advena
748 2341 862 2416 regnis?

146 2439 206 2477 non
222 2440 299 2478 arma
315 2420 482 2498 expedient,
499 2435 618 2499 totaque
634 2441 670 2479 ex
685 2421 756 2480 urbe
771 2437 937 2499 sequentur,

146 2499 351 2580 deripientque
365 2517 441 2560 rates
455 2501 504 2560 alii
520 2501 718 2560 navalibus?
710 2517 761 2574 rte,

145 2581 220 2640 ferte
235 2580 287 2640 citi
301 2581 439 2654 flammas,
455 2582 523 2641 date
537 2583 612 2655 vela,
628 2581 765 2660 inpellitc
779 2601 882 2642 remos.

146 2662 217 2740 quid
244 2662 369 2741 loquor?
390 2678 439 2722 aut
468 2663 518 2721 ubi
544 2668 626 2723 sum?
648 2684 722 2742 quae
746 2679 877 2723 mentem
903 2661 1015 2722 insania

227 2748 339 2803 mutat?

145 2803 250 2882 inl'elix
265 2824 362 2884 Dido!
385 2845 465 2883 nuuc
481 2840 510 2883 te
525 2825 622 2884 facta
614 2825 695 2904 inpia
710 2829 851 2901 tangunt?

146 2917 208 2963 tum
222 2904 332 2978 decuit,
347 2925 414 2964 cum
427 2921 540 2998 sceptra
555 2906 650 2965 dabas.
693 2925 730 2964 en
746 2906 847 2964 dextra
862 2905 1000 2983 fidesque,

146 3005 233 3063 quem
248 3004 346 3044 secum
360 2985 467 3063 patrios
482 2986 564 3044 aiunt
578 3002 692 3063 portare
709 2985 840 3059 Penates,

146 3085 233 3143 quem
248 3064 367 3123 subiisse
382 3066 486 3124 umeris
502 3067 670 3125 conlectum
686 3082 780 3126 aetate
794 3068 963 3145 parentem!

146 3165 205 3204 non
220 3144 303 3222 potui
318 3146 468 3240 abreptum
483 3146 623 3206 divellere
638 3167 750 3224 corpus,
767 3165 796 3207 et
810 3147 894 3207 undis
977 3166 1015 3207 σω

146 3229 296 3303 spargere?
317 3246 377 3284 non
393 3228 492 3300 socios,
508 3248 567 3286 non
583 3227 677 3304 ipsum
692 3227 841 3287 absumere
856 3230 933 3287 ferro

145 3305 313 3379 Ascanium,
328 3307 485 3387 patriisque
500 3307 678 3387 epulandum
693 3329 803 3386 ponere
817 3310 942 3369 mensis?

472 3401 517 3464 576
535 3401 649 3451 stimulat.
