2558 4112
502 305 529 352 P.
546 302 690 351 VERGILI
707 301 866 348 MARONIS

267 435 398 494 ardentes
414 454 483 492 auro
497 449 526 492 et
542 432 654 511 paribus
670 431 720 490 lita
735 451 852 508 corpora
865 431 964 506 guttis.

212 517 216 534 ‘
266 518 335 574 haec
352 515 447 592 potior
462 514 585 585 suboles,
600 513 670 572 hinc
685 511 758 571 caeli
774 527 904 588 tempore
919 527 1000 572 certo
1100 544 1138 573 ιω

266 596 363 655 dulcia
378 596 465 654 mella
480 615 601 673 premes,
616 614 671 652 nec
687 609 800 652 tantum
814 592 924 664 dulcia,
938 608 1081 672 quantum

266 694 295 737 et
309 676 419 757 liquida
435 693 464 736 et
479 676 583 735 durum
599 673 708 734 Bacchi
724 673 867 734 domitura
880 694 1019 751 saporem.

306 773 336 817 at
349 777 418 817 cum
433 757 544 816 incerta
559 755 659 816 volant
674 755 813 834 caeloque
828 755 961 814 examina
975 755 1082 815 ludunt

265 854 516 917 contemnuntque
532 838 610 898 favos
627 851 655 896 et
671 836 772 912 frigida
787 851 864 896 tecta
877 835 1056 914 relinquunt,

264 919 410 980 instabiles
425 919 534 978 animos
550 918 621 978 ludo
636 915 800 994 prohibebis
815 916 904 976 inani.

265 1021 320 1060 nec
335 1021 454 1077 magnus
469 999 623 1077 prohibere
640 999 739 1058 labor:
762 1013 794 1056 tu
807 997 921 1073 regibus
936 999 993 1056 alas

264 1083 366 1160 eripe3
387 1101 446 1140 non
461 1081 518 1139 illis
535 1081 688 1158 quisquam
704 1077 909 1138 cunctantibus
924 1079 1015 1138 altum

264 1163 305 1220 ire
320 1163 374 1220 iter
388 1178 438 1221 aut
451 1161 549 1221 castris
565 1160 682 1221 audebit
696 1161 805 1220 vellere
819 1159 908 1236 signa.

265 1242 391 1302 invitent
405 1242 512 1302 croceis
528 1243 658 1302 halantes
674 1240 790 1300 floribus
805 1240 881 1303 horti

265 1338 293 1381 et
307 1339 402 1382 custos
416 1323 513 1382 furum
529 1339 615 1400 atque
631 1323 729 1382 avium
744 1342 812 1383 cum
825 1321 901 1382 falce
915 1321 1022 1400 saligna
1098 1353 1136 1380 110

266 1403 496 1482 Hellespontiaci
513 1418 604 1463 servet
621 1404 711 1462 tutela
727 1403 832 1481 Priapi.

265 1485 325 1561 ipse
340 1486 473 1562 thymum
488 1484 631 1562 pinosque
647 1484 741 1544 ferens
756 1484 791 1542 de
806 1483 952 1544 montibus
966 1484 1028 1544 altis

264 1579 341 1624 tecta
355 1579 427 1624 serat
440 1565 497 1624 late
512 1564 636 1636 circum,
652 1565 700 1624 cui
715 1564 782 1626 talia
797 1586 903 1636 curae3

264 1645 324 1724 ipse
339 1646 435 1705 labore
450 1665 569 1706 manum
584 1647 656 1705 duro
671 1662 754 1718 terat,
770 1646 830 1723 ipse
845 1647 953 1706 feraces

264 1727 332 1802 figat
345 1729 436 1794 humo
450 1728 562 1804 plantas
578 1743 607 1786 et
623 1727 730 1786 amicos
745 1727 852 1802 inriget
866 1727 981 1788 imbres.

304 1823 391 1886 atque
406 1807 551 1887 equidem,
569 1824 700 1866 extremo
714 1806 744 1865 ni
760 1807 817 1866 iam
831 1809 884 1868 sub
898 1808 956 1866 fine
970 1807 1103 1868 laborum

263 1889 326 1947 vela
340 1891 451 1947 traham
465 1904 494 1947 et
509 1888 590 1947 terris
607 1888 743 1947 festinem
759 1888 905 1948 advertere
920 1909 1043 1967 proram,

264 1969 383 2028 forsitan
399 1984 437 2041 et,
451 1969 573 2047 pingues
590 1971 686 2028 hortos
702 1990 774 2048 quae
789 1991 857 2029 cura
872 1969 987 2028 colendi

264 2065 388 2120 ornaret,
403 2069 546 2120 canerem,
561 2049 705 2128 biferique
720 2051 823 2109 rosaria
839 2051 943 2123 Paesti,

264 2150 379 2209 quoque
393 2130 480 2188 modo
492 2131 567 2208 potis
582 2131 743 2207 gauderent
757 2132 850 2190 intiba
865 2132 931 2192 rivis
1097 2163 1135 2190 ιω

264 2226 293 2269 et
307 2210 411 2269 virides
419 2209 490 2304 ‘apio
504 2210 594 2289 ripae,
613 2227 758 2290 tortusque
772 2233 825 2291 per
838 2213 972 2273 herbam.

264 2307 404 2352 cresceret
418 2313 449 2350 rn
464 2308 595 2352 ventrem
613 2312 743 2352 cucumrs
757 2318 766 2364 3
787 2313 842 2352 nec
858 2314 919 2352 sera
934 2310 1098 2354 comantem

263 2373 420 2432 narcissum
434 2390 484 2433 aut
498 2373 566 2432 flexi
582 2374 737 2432 tacuissem
751 2373 849 2432 vimen
865 2375 979 2433 acanthi
999 2411 1003 2416 ,

262 2454 461 2532 pallentesque
475 2454 594 2513 hederas
612 2469 641 2514 et
657 2470 783 2514 amantes
798 2454 882 2514 litora
897 2470 1014 2532 myrtos.

262 2554 388 2613 namque
403 2535 454 2594 sub
470 2535 610 2594 Oebaliae
629 2535 749 2594 memini
764 2535 951 2598 sne-turribus
966 2535 1040 2608 altis,

263 2636 319 2692 qua
333 2615 416 2692 niger
431 2631 559 2675 umectat
573 2615 712 2675 flaventia
728 2617 808 2676 culta
821 2616 968 2689 Galaesus,

264 2693 420 2772 Corycium
435 2695 538 2756 vidisse
554 2714 662 2768 senem,
680 2698 727 2758 eui
744 2718 836 2776 pauca
850 2697 945 2758 relicti

262 2775 359 2850 iugera
373 2777 443 2838 ruris
459 2792 549 2848 erant,
565 2797 620 2836 nec
636 2778 741 2838 fertilis
756 2779 807 2840 illa
823 2779 952 2838 iuvencis

263 2876 318 2914 nec
333 2857 429 2934 pecori
444 2874 607 2936 opportuna
624 2879 703 2936 seges
719 2881 775 2920 nec
791 2861 943 2920 commoda
957 2861 1082 2919 Baccho.

262 2937 310 2994 hic
325 2958 420 2996 rarum
434 2954 532 2998 tamen
547 2939 577 2998 in
594 2939 690 3000 dumis
706 2941 790 3002 holus
805 2942 927 3020 albaque
941 2941 1053 3001 circum
1096 2969 1132 3006 130

263 3016 324 3074 lilia
338 3019 533 3098 verbenasque
548 3041 683 3099 premens
699 3041 874 3100 vescumque
887 3042 1023 3100 papaver,

262 3117 362 3172 regum
377 3101 517 3177 aequabat
531 3122 599 3179 opes
616 3102 730 3174 animis,
745 3122 863 3180 seraque
877 3117 1024 3162 revertens

263 3192 348 3270 nocte
362 3177 480 3241 domum
495 3180 616 3258 dapibus
632 3202 744 3242 mensas
758 3183 899 3242 onerabat
911 3181 1059 3260 inemptis.

264 3278 370 3334 primus
386 3278 452 3318 vere
466 3281 557 3320 rosam
574 3278 659 3340 atque
675 3279 815 3322 autumno
830 3283 946 3342 carpere
960 3283 1056 3342 poma,

513 3366 557 3400 112
574 3353 643 3404 tinor.
712 3368 755 3418 125
774 3356 839 3406 arcis.
