2558 4112
410 340 611 390 GEORGICON
628 341 692 391 LIB.
708 342 748 390 IV

161 473 231 534 trita
245 471 430 550 melisphylla
443 486 472 529 et
487 470 633 531 cerinthae
647 471 774 548 ignobile
789 493 916 548 gramen,

161 555 346 633 tinnitusque
361 552 407 611 cie
421 567 450 612 et
466 553 570 610 Matris
586 568 672 631 quate
687 554 818 630 cymbala
833 554 965 614 circum:

161 637 243 713 ipsae
257 634 410 694 consident
424 633 572 692 medicatis
586 634 709 706 sedibus,
724 634 802 712 ipsae

162 716 270 776 intima
283 735 362 774 more
377 735 428 773 suo
442 735 500 772 sese
514 713 544 772 in
560 715 704 774 cunabula
717 715 854 774 condent.

205 797 249 855 sin
264 811 361 855 autem
376 795 413 854 ad
427 815 553 872 pugnam
567 795 799 855 exierint-nam
813 817 896 874 saepe
911 797 1023 856 duobus

162 877 278 953 regibus
292 876 409 935 incessit
423 895 528 952 magno
542 876 684 936 discordia
698 891 790 950 motu,

163 957 364 1036 continuoque
378 957 489 1015 animos
502 957 581 1035 vulgi
596 973 625 1016 et
639 958 812 1035 trepidantia
826 958 904 1018 bello

164 1039 251 1098 corda
265 1037 334 1097 licet
349 1039 433 1114 longe
447 1039 636 1116 praesciscere
648 1062 659 1108 3
680 1059 805 1117 namque
819 1055 963 1099 morantes
1005 1071 1034 1109 φο

165 1119 290 1178 Martius
304 1119 356 1177 ille
371 1118 442 1178 aeris
456 1119 537 1177 rauci
552 1139 641 1178 canor
655 1119 786 1198 increpat
800 1136 831 1178 et
843 1141 900 1179 vox

164 1200 281 1259 auditur
295 1200 399 1258 fractos
414 1200 523 1258 sonitus
537 1199 648 1258 imitata
663 1201 796 1259 tubarum
809 1225 819 1271 ;

164 1297 228 1340 tum
243 1281 371 1359 trepidae
385 1280 462 1340 inter
476 1301 505 1339 se
520 1289 626 1339 coeunt
640 1281 796 1360 pinnisque
811 1297 964 1341 coruscant

164 1362 332 1441 spiculaque
343 1373 494 1420 “exacuunt
508 1361 604 1420 rostris
620 1376 777 1441 aptantque
791 1363 924 1433 lacertos,

164 1459 194 1501 et
208 1443 285 1501 circa
298 1463 377 1520 reges
392 1442 452 1521 ipsa
466 1443 502 1502 ad
514 1443 656 1521 praetoria
671 1443 776 1502 densae

163 1524 322 1582 miscentur
336 1523 503 1603 magnisque
517 1538 624 1583 vocant
639 1523 810 1583 clamoribus
824 1525 945 1584 hostem.

164 1624 232 1682 ergo
246 1605 296 1663 ubi
311 1625 360 1663 ver
375 1621 474 1664 nactae
489 1605 593 1664 sudum
609 1624 782 1683 camposque
796 1620 936 1683 patentes,

164 1700 320 1763 erumpunt
334 1685 443 1762 portis:
464 1685 647 1745 concurritur
660 1710 669 1755 ;
690 1687 805 1745 aethere
820 1685 851 1745 in
865 1686 924 1745 alto

165 1766 197 1825 fit
211 1765 320 1826 sonitus
335 1791 344 1837 3
365 1785 502 1843 magnum
517 1766 626 1826 mixtae
640 1767 837 1841 glomerantur
850 1765 881 1824 in
896 1767 995 1825 orbern

163 1846 391 1926 praecipitesque
406 1848 537 1919 cadunt3
558 1867 617 1906 non
633 1845 747 1905 densior
761 1854 823 1904 aere
837 1847 946 1920 grando
1007 1866 1036 1906 so

164 1948 219 1986 nec
234 1928 270 1986 de
285 1948 423 1987 concussa
438 1943 552 1987 tantum
567 1927 643 2004 pluit
658 1927 726 1986 ilice
740 1927 861 2002 glandis.

165 2008 219 2085 ipsi
232 2029 284 2087 per
298 2009 404 2068 medias
420 2009 493 2068 acies
508 2008 668 2101 insignibus
683 2009 735 2067 alis

164 2089 295 2166 ingentes
309 2089 417 2148 animos
432 2106 552 2165 angusto
566 2089 597 2147 in
613 2103 730 2167 pectore
744 2105 868 2183 versant,

165 2171 340 2249 usqueadeo
353 2170 454 2229 obnixi
469 2191 528 2228 non
545 2171 660 2241 cedere,
673 2169 744 2228 dum
757 2171 848 2246 gravis
863 2185 913 2230 aut
927 2173 979 2228 hos

165 2266 214 2310 aut
227 2253 278 2310 hos
292 2271 371 2310 versa
385 2252 452 2328 fuga
466 2251 560 2310 victor
574 2251 641 2310 dare
657 2265 735 2326 terga
749 2251 869 2326 subegit.

164 2331 196 2390 hi
210 2346 304 2391 motus
319 2332 481 2391 animorum
497 2347 584 2410 atque
599 2333 670 2390 haec
685 2331 844 2390 certamina
859 2345 938 2390 tauta

163 2412 289 2496 pulveris
304 2413 399 2490 exigui
415 2413 493 2472 iactu
511 2431 674 2506 compressa
689 2411 853 2490 quiescunt.

204 2513 305 2553 verum
320 2494 369 2552 ubi
384 2494 516 2589 ductores
533 2494 593 2552 acie
608 2492 785 2552 revocaveris
800 2491 892 2563 ambo,

164 2573 290 2633 deterior
303 2575 354 2668 qui
368 2574 453 2647 visus,
469 2595 548 2646 eum,
563 2594 601 2633 ne
616 2573 752 2651 prodigus
766 2571 850 2644 obsit,

164 2655 237 2714 dede
251 2655 340 2724 neci;
360 2655 463 2715 melior
477 2675 569 2714 vacua
584 2656 646 2714 sine
661 2669 762 2730 regnet
775 2653 806 2711 in
821 2653 894 2713 aula.

165 2736 235 2795 alter
249 2737 305 2796 erit
318 2737 437 2796 maculis
452 2757 522 2796 auro
538 2735 736 2815 squalentibus
751 2735 852 2794 ardens
865 2759 875 2805 ;

164 2835 233 2876 nam
247 2817 306 2877 duo
320 2833 388 2877 sunt
401 2837 506 2894 genera
520 2840 528 2876 ι
549 2817 599 2876 hic
616 2816 728 2889 melior,
744 2815 863 2892 insignis
877 2831 906 2876 et
920 2837 967 2875 ore

165 2913 195 2956 et
208 2898 301 2956 rutilis
316 2899 409 2958 clarus
424 2898 571 2978 squamis,
593 2897 644 2957 ille
659 2897 791 2956 horridus
805 2897 878 2956 alter

165 2978 283 3051 desidia,
297 2979 444 3058 latamque
460 2981 575 3038 trahens
589 2978 729 3056 inglorius
745 2978 851 3038 alvum

166 3072 197 3117 ut
211 3059 298 3119 binae
304 3079 414 3135 regum
429 3059 548 3132 facies‚'
540 3076 580 3119 rta
594 3080 712 3136 corpora
727 3057 828 3137 plebis.

165 3159 290 3218 namque
304 3140 375 3200 aliae
389 3155 486 3218 turpes
500 3142 628 3212 horrent,
643 3159 697 3198 ceu
712 3140 829 3216 pulvere
844 3140 879 3199 ab
893 3140 956 3200 alto

165 3239 232 3279 cum
246 3221 327 3281 venit
341 3236 371 3280 et
385 3221 463 3281 sicco
476 3236 580 3280 terram
595 3219 672 3298 spuit
687 3240 735 3279 ore
749 3221 839 3280 viator

165 3299 281 3372 aridus3
302 3301 421 3361 elucent
435 3302 506 3361 aliae
522 3317 550 3361 et
564 3301 676 3377 fulgore
691 3317 852 3373 coruscant,

390 3394 421 3458 87
438 3395 562 3459 quiescent
630 3393 658 3442 88
677 3394 766 3445 ambos.
