<?xml version="1.0" encoding="UTF-8"?>
<!DOCTYPE html PUBLIC "-//W3C//DTD XHTML 1.0 Transitional//EN"
    "http://www.w3.org/TR/xhtml1/DTD/xhtml1-transitional.dtd">
<html xmlns="http://www.w3.org/1999/xhtml" xml:lang="en" lang="en">
 <head>
  <title>
</title>
<meta http-equiv="Content-Type" content="text/html;charset=utf-8" />
  <meta name='ocr-system' content='tesseract 3.04.00' />
  <meta name='ocr-capabilities' content='ocr_page ocr_carea ocr_par ocr_line ocrx_word'/>
</head>
<body>
  <div class='ocr_page' id='page_1' title='image "./bucolicageorgic05virggoog/bucolicageorgic05virggoog_0114.png"; bbox 0 0 2558 4112; ppageno 0'>
   <div class='ocr_carea' id='block_1_1' title="bbox 430 361 1049 426">
    <p class='ocr_par' dir='ltr' id='par_1_1' title="bbox 430 361 1049 426">
     <span class='ocr_line' id='line_1_1' title="bbox 430 361 1049 426; baseline 0.006 -18"><span class='ocrx_word' id='word_1_1' title='bbox 430 361 630 412; x_wconf 78' lang='lat' dir='ltr'>ononotcorr</span> <span class='ocrx_word' id='word_1_2' title='bbox 649 363 711 412; x_wconf 77' lang='lat' dir='ltr'>crs.</span> <span class='ocrx_word' id='word_1_3' title='bbox 729 363 768 410; x_wconf 92' lang='lat' dir='ltr'>1v</span> <span class='ocrx_word' id='word_1_4' title='bbox 1019 365 1049 426; x_wconf 81' lang='lat'>87</span> 
     </span>
    </p>
   </div>
   <div class='ocr_carea' id='block_1_2' title="bbox 167 488 1054 3398">
    <p class='ocr_par' dir='ltr' id='par_1_2' title="bbox 185 488 1052 648">
     <span class='ocr_line' id='line_1_2' title="bbox 185 488 1052 567; baseline 0.005 -18"><span class='ocrx_word' id='word_1_5' title='bbox 185 489 297 566; x_wconf 82' lang='lat' dir='ltr'>cogitur</span> <span class='ocrx_word' id='word_1_6' title='bbox 311 489 400 567; x_wconf 90' lang='lat' dir='ltr'>inque</span> <span class='ocrx_word' id='word_1_7' title='bbox 415 488 491 549; x_wconf 87' lang='lat' dir='ltr'>sinus</span> <span class='ocrx_word' id='word_1_8' title='bbox 506 490 614 549; x_wconf 80' lang='lat' dir='ltr'><strong>scindit</strong></span> <span class='ocrx_word' id='word_1_9' title='bbox 628 512 688 551; x_wconf 91' lang='lat' dir='ltr'>sese</span> <span class='ocrx_word' id='word_1_10' title='bbox 703 492 781 551; x_wconf 90' lang='lat' dir='ltr'>unda</span> <span class='ocrx_word' id='word_1_11' title='bbox 795 492 937 567; x_wconf 88' lang='lat' dir='ltr'>reductos,</span> <span class='ocrx_word' id='word_1_12' title='bbox 1014 526 1052 564; x_wconf 65' lang='grc' dir='ltr'>μα</span> 
     </span>
     <span class='ocr_line' id='line_1_3' title="bbox 185 570 801 648; baseline 0.002 -19"><span class='ocrx_word' id='word_1_13' title='bbox 185 570 334 648; x_wconf 86' lang='lat' dir='ltr'>deprensis</span> <span class='ocrx_word' id='word_1_14' title='bbox 349 571 420 628; x_wconf 90' lang='lat' dir='ltr'>olim</span> <span class='ocrx_word' id='word_1_15' title='bbox 436 571 519 630; x_wconf 86' lang='lat' dir='ltr'>statio</span> <span class='ocrx_word' id='word_1_16' title='bbox 534 571 674 632; x_wconf 90' lang='lat' dir='ltr'>tutissima</span> <span class='ocrx_word' id='word_1_17' title='bbox 689 573 782 632; x_wconf 88' lang='lat' dir='ltr'>nautis</span> <span class='ocrx_word' id='word_1_18' title='bbox 791 599 801 644; x_wconf 88' lang='lat'>;</span> 
     </span>
    </p>

    <p class='ocr_par' dir='ltr' id='par_1_3' title="bbox 185 651 797 729">
     <span class='ocr_line' id='line_1_4' title="bbox 185 651 797 729; baseline 0.005 -19"><span class='ocrx_word' id='word_1_19' title='bbox 185 652 263 712; x_wconf 89' lang='lat' dir='ltr'>intus</span> <span class='ocrx_word' id='word_1_20' title='bbox 278 672 307 710; x_wconf 89' lang='lat' dir='ltr'>se</span> <span class='ocrx_word' id='word_1_21' title='bbox 322 651 394 710; x_wconf 88' lang='lat' dir='ltr'>vasti</span> <span class='ocrx_word' id='word_1_22' title='bbox 411 653 528 711; x_wconf 89' lang='lat' dir='ltr'>Proteus</span> <span class='ocrx_word' id='word_1_23' title='bbox 545 653 615 729; x_wconf 82' lang='lat' dir='ltr'>tegit</span> <span class='ocrx_word' id='word_1_24' title='bbox 630 655 714 713; x_wconf 91' lang='lat' dir='ltr'>obice</span> <span class='ocrx_word' id='word_1_25' title='bbox 729 654 797 714; x_wconf 85' lang='lat' dir='ltr'><strong>saxi.</strong></span> 
     </span>
    </p>

    <p class='ocr_par' dir='ltr' id='par_1_4' title="bbox 184 733 1019 891">
     <span class='ocr_line' id='line_1_5' title="bbox 184 733 1019 816; baseline 0.01 -27"><span class='ocrx_word' id='word_1_26' title='bbox 184 733 232 791; x_wconf 89' lang='lat' dir='ltr'>hic</span> <span class='ocrx_word' id='word_1_27' title='bbox 249 733 386 791; x_wconf 89' lang='lat' dir='ltr'>iuvenem</span> <span class='ocrx_word' id='word_1_28' title='bbox 401 733 432 790; x_wconf 89' lang='lat' dir='ltr'>in</span> <span class='ocrx_word' id='word_1_29' title='bbox 447 733 563 791; x_wconf 88' lang='lat' dir='ltr'>latebris</span> <span class='ocrx_word' id='word_1_30' title='bbox 578 755 708 794; x_wconf 89' lang='lat' dir='ltr'>aversum</span> <span class='ocrx_word' id='word_1_31' title='bbox 722 757 737 794; x_wconf 91' lang='lat' dir='ltr'>a</span> <span class='ocrx_word' id='word_1_32' title='bbox 753 736 865 794; x_wconf 88' lang='lat' dir='ltr'>lumine</span> <span class='ocrx_word' id='word_1_33' title='bbox 879 737 1019 816; x_wconf 83' lang='lat' dir='ltr'>Nympha</span> 
     </span>
     <span class='ocr_line' id='line_1_6' title="bbox 186 813 920 891; baseline 0.007 -20"><span class='ocrx_word' id='word_1_34' title='bbox 186 814 333 881; x_wconf 90' lang='lat' dir='ltr'>collocat;</span> <span class='ocrx_word' id='word_1_35' title='bbox 355 813 415 891; x_wconf 87' lang='lat' dir='ltr'>ipsa</span> <span class='ocrx_word' id='word_1_36' title='bbox 430 815 530 891; x_wconf 91' lang='lat' dir='ltr'>procul</span> <span class='ocrx_word' id='word_1_37' title='bbox 545 815 659 874; x_wconf 82' lang='lat' dir='ltr'>nebulis</span> <span class='ocrx_word' id='word_1_38' title='bbox 673 818 792 876; x_wconf 90' lang='lat' dir='ltr'>obscura</span> <span class='ocrx_word' id='word_1_39' title='bbox 807 816 920 876; x_wconf 78' lang='lat' dir='ltr'>resistit</span> 
     </span>
    </p>

    <p class='ocr_par' dir='ltr' id='par_1_5' title="bbox 186 894 849 970">
     <span class='ocr_line' id='line_1_7' title="bbox 186 894 849 970; baseline 0.008 -19"><span class='ocrx_word' id='word_1_40' title='bbox 186 894 242 952; x_wconf 90' lang='lat' dir='ltr'>iam</span> <span class='ocrx_word' id='word_1_41' title='bbox 257 894 372 970; x_wconf 90' lang='lat' dir='ltr'>rapidus</span> <span class='ocrx_word' id='word_1_42' title='bbox 388 910 499 953; x_wconf 87' lang='lat' dir='ltr'>torrens</span> <span class='ocrx_word' id='word_1_43' title='bbox 514 894 643 954; x_wconf 82' lang='lat' dir='ltr'>sitientes</span> <span class='ocrx_word' id='word_1_44' title='bbox 660 897 747 956; x_wconf 89' lang='lat' dir='ltr'>Sirius</span> <span class='ocrx_word' id='word_1_45' title='bbox 761 898 849 956; x_wconf 86' lang='lat' dir='ltr'>Indos</span> 
     </span>
    </p>

    <p class='ocr_par' dir='ltr' id='par_1_6' title="bbox 187 974 875 1054">
     <span class='ocr_line' id='line_1_8' title="bbox 187 974 875 1054; baseline 0.007 -22"><span class='ocrx_word' id='word_1_46' title='bbox 187 974 304 1032; x_wconf 77' lang='lat' dir='ltr'>ardebat</span> <span class='ocrx_word' id='word_1_47' title='bbox 318 975 400 1034; x_wconf 90' lang='lat' dir='ltr'>caelo</span> <span class='ocrx_word' id='word_1_48' title='bbox 415 992 445 1034; x_wconf 91' lang='lat' dir='ltr'>et</span> <span class='ocrx_word' id='word_1_49' title='bbox 459 975 589 1035; x_wconf 90' lang='lat' dir='ltr'>medium</span> <span class='ocrx_word' id='word_1_50' title='bbox 604 979 645 1035; x_wconf 89' lang='lat' dir='ltr'>sol</span> <span class='ocrx_word' id='word_1_51' title='bbox 661 977 761 1054; x_wconf 87' lang='lat' dir='ltr'>igneus</span> <span class='ocrx_word' id='word_1_52' title='bbox 776 979 875 1037; x_wconf 89' lang='lat' dir='ltr'>orbem</span> 
     </span>
    </p>

    <p class='ocr_par' dir='ltr' id='par_1_7' title="bbox 188 1057 980 1218">
     <span class='ocr_line' id='line_1_9' title="bbox 188 1057 980 1130; baseline 0.009 -18"><span class='ocrx_word' id='word_1_53' title='bbox 188 1057 320 1114; x_wconf 89' lang='lat' dir='ltr'>hauserat</span> <span class='ocrx_word' id='word_1_54' title='bbox 333 1081 343 1128; x_wconf 66' lang='grc' dir='ltr'><strong><em>ς</em></strong></span> <span class='ocrx_word' id='word_1_55' title='bbox 364 1057 483 1116; x_wconf 80' lang='lat' dir='ltr'>arebant</span> <span class='ocrx_word' id='word_1_56' title='bbox 498 1057 615 1130; x_wconf 85' lang='lat' dir='ltr'>herbae,</span> <span class='ocrx_word' id='word_1_57' title='bbox 632 1074 661 1116; x_wconf 91' lang='lat' dir='ltr'>et</span> <span class='ocrx_word' id='word_1_58' title='bbox 676 1079 745 1117; x_wconf 89' lang='lat' dir='ltr'>cava</span> <span class='ocrx_word' id='word_1_59' title='bbox 760 1059 881 1118; x_wconf 85' lang='lat' dir='ltr'>fiumina</span> <span class='ocrx_word' id='word_1_60' title='bbox 897 1060 980 1119; x_wconf 91' lang='lat' dir='ltr'>siccis</span> 
     </span>
     <span class='ocr_line' id='line_1_10' title="bbox 188 1136 939 1218; baseline 0.009 -25"><span class='ocrx_word' id='word_1_61' title='bbox 188 1136 320 1194; x_wconf 86' lang='lat' dir='ltr'>faucibus</span> <span class='ocrx_word' id='word_1_62' title='bbox 335 1137 371 1195; x_wconf 91' lang='lat' dir='ltr'>ad</span> <span class='ocrx_word' id='word_1_63' title='bbox 387 1138 489 1196; x_wconf 88' lang='lat' dir='ltr'>limum</span> <span class='ocrx_word' id='word_1_64' title='bbox 505 1138 578 1196; x_wconf 84' lang='lat' dir='ltr'>radii</span> <span class='ocrx_word' id='word_1_65' title='bbox 594 1140 739 1216; x_wconf 85' lang='lat' dir='ltr'>tepefacta</span> <span class='ocrx_word' id='word_1_66' title='bbox 753 1142 939 1218; x_wconf 88' lang='lat' dir='ltr'>coquebant:</span> 
     </span>
    </p>

    <p class='ocr_par' dir='ltr' id='par_1_8' title="bbox 188 1218 944 1297">
     <span class='ocr_line' id='line_1_11' title="bbox 188 1218 944 1297; baseline 0.005 -21"><span class='ocrx_word' id='word_1_67' title='bbox 188 1238 255 1276; x_wconf 91' lang='lat' dir='ltr'>curn</span> <span class='ocrx_word' id='word_1_68' title='bbox 271 1218 391 1276; x_wconf 92' lang='lat' dir='ltr'>Proteus</span> <span class='ocrx_word' id='word_1_69' title='bbox 407 1234 547 1278; x_wconf 89' lang='lat' dir='ltr'>consueta</span> <span class='ocrx_word' id='word_1_70' title='bbox 563 1236 665 1297; x_wconf 89' lang='lat' dir='ltr'>petens</span> <span class='ocrx_word' id='word_1_71' title='bbox 681 1240 696 1278; x_wconf 87' lang='lat' dir='ltr'>e</span> <span class='ocrx_word' id='word_1_72' title='bbox 711 1219 846 1280; x_wconf 89' lang='lat' dir='ltr'>fluctibus</span> <span class='ocrx_word' id='word_1_73' title='bbox 862 1238 944 1281; x_wconf 85' lang='lat' dir='ltr'>antra</span> 
     </span>
    </p>

    <p class='ocr_par' dir='ltr' id='par_1_9' title="bbox 188 1298 1052 1459">
     <span class='ocr_line' id='line_1_12' title="bbox 188 1298 1052 1380; baseline 0.008 -25"><span class='ocrx_word' id='word_1_74' title='bbox 188 1298 248 1356; x_wconf 90' lang='lat' dir='ltr'>ibat</span> <span class='ocrx_word' id='word_1_75' title='bbox 261 1323 270 1368; x_wconf 91' lang='lat'>;</span> <span class='ocrx_word' id='word_1_76' title='bbox 292 1318 359 1357; x_wconf 91' lang='lat' dir='ltr'>eum</span> <span class='ocrx_word' id='word_1_77' title='bbox 374 1299 446 1357; x_wconf 91' lang='lat' dir='ltr'>vasti</span> <span class='ocrx_word' id='word_1_78' title='bbox 462 1298 572 1358; x_wconf 88' lang='lat' dir='ltr'>circum</span> <span class='ocrx_word' id='word_1_79' title='bbox 587 1321 655 1376; x_wconf 80' lang='lat' dir='ltr'>gens</span> <span class='ocrx_word' id='word_1_80' title='bbox 670 1301 768 1360; x_wconf 91' lang='lat' dir='ltr'>umida</span> <span class='ocrx_word' id='word_1_81' title='bbox 782 1302 865 1380; x_wconf 91' lang='lat' dir='ltr'>ponti</span> <span class='ocrx_word' id='word_1_82' title='bbox 1013 1333 1052 1372; x_wconf 81' lang='lat'>430</span> 
     </span>
     <span class='ocr_line' id='line_1_13' title="bbox 189 1379 834 1459; baseline 0.006 -23"><span class='ocrx_word' id='word_1_83' title='bbox 189 1379 335 1438; x_wconf 82' lang='lat' dir='ltr'>exsultans</span> <span class='ocrx_word' id='word_1_84' title='bbox 351 1400 445 1438; x_wconf 90' lang='lat' dir='ltr'>rorem</span> <span class='ocrx_word' id='word_1_85' title='bbox 461 1381 519 1439; x_wconf 88' lang='lat' dir='ltr'>late</span> <span class='ocrx_word' id='word_1_86' title='bbox 535 1381 670 1459; x_wconf 81' lang='lat' dir='ltr'>dispergit</span> <span class='ocrx_word' id='word_1_87' title='bbox 685 1402 834 1454; x_wconf 82' lang='lat' dir='ltr'>amarum3</span> 
     </span>
    </p>

    <p class='ocr_par' dir='ltr' id='par_1_10' title="bbox 190 1461 919 1542">
     <span class='ocr_line' id='line_1_14' title="bbox 190 1461 919 1542; baseline 0.007 -25"><span class='ocrx_word' id='word_1_88' title='bbox 190 1475 322 1518; x_wconf 90' lang='lat' dir='ltr'>sternunt</span> <span class='ocrx_word' id='word_1_89' title='bbox 338 1481 366 1518; x_wconf 88' lang='lat' dir='ltr'>se</span> <span class='ocrx_word' id='word_1_90' title='bbox 382 1481 483 1519; x_wconf 89' lang='lat' dir='ltr'>somno</span> <span class='ocrx_word' id='word_1_91' title='bbox 499 1461 626 1521; x_wconf 88' lang='lat' dir='ltr'>diversae</span> <span class='ocrx_word' id='word_1_92' title='bbox 641 1462 672 1520; x_wconf 91' lang='lat' dir='ltr'>in</span> <span class='ocrx_word' id='word_1_93' title='bbox 688 1463 771 1521; x_wconf 91' lang='lat' dir='ltr'>litore</span> <span class='ocrx_word' id='word_1_94' title='bbox 785 1465 919 1542; x_wconf 87' lang='lat' dir='ltr'>phocac;</span> 
     </span>
    </p>

    <p class='ocr_par' dir='ltr' id='par_1_11' title="bbox 188 1541 888 1618">
     <span class='ocr_line' id='line_1_15' title="bbox 188 1541 888 1618; baseline 0.007 -20"><span class='ocrx_word' id='word_1_95' title='bbox 188 1543 258 1618; x_wconf 89' lang='lat' dir='ltr'>ipse,</span> <span class='ocrx_word' id='word_1_96' title='bbox 274 1541 354 1599; x_wconf 92' lang='lat' dir='ltr'>velut</span> <span class='ocrx_word' id='word_1_97' title='bbox 369 1541 474 1602; x_wconf 87' lang='lat' dir='ltr'>stabuli</span> <span class='ocrx_word' id='word_1_98' title='bbox 490 1557 583 1601; x_wconf 90' lang='lat' dir='ltr'>custos</span> <span class='ocrx_word' id='word_1_99' title='bbox 598 1543 630 1600; x_wconf 92' lang='lat' dir='ltr'>in</span> <span class='ocrx_word' id='word_1_100' title='bbox 645 1543 792 1602; x_wconf 88' lang='lat' dir='ltr'>montibus</span> <span class='ocrx_word' id='word_1_101' title='bbox 807 1544 888 1616; x_wconf 90' lang='lat' dir='ltr'>olim,</span> 
     </span>
    </p>

    <p class='ocr_par' dir='ltr' id='par_1_12' title="bbox 188 1621 876 1782">
     <span class='ocr_line' id='line_1_16' title="bbox 188 1621 876 1700; baseline 0.009 -22"><span class='ocrx_word' id='word_1_102' title='bbox 188 1641 289 1699; x_wconf 89' lang='lat' dir='ltr'>vesper</span> <span class='ocrx_word' id='word_1_103' title='bbox 304 1621 353 1680; x_wconf 93' lang='lat' dir='ltr'>ubi</span> <span class='ocrx_word' id='word_1_104' title='bbox 370 1643 385 1680; x_wconf 91' lang='lat' dir='ltr'>e</span> <span class='ocrx_word' id='word_1_105' title='bbox 400 1638 483 1700; x_wconf 90' lang='lat' dir='ltr'>pastu</span> <span class='ocrx_word' id='word_1_106' title='bbox 498 1623 605 1682; x_wconf 88' lang='lat' dir='ltr'>vitulos</span> <span class='ocrx_word' id='word_1_107' title='bbox 620 1625 656 1683; x_wconf 88' lang='lat' dir='ltr'>ad</span> <span class='ocrx_word' id='word_1_108' title='bbox 671 1640 747 1683; x_wconf 88' lang='lat' dir='ltr'>tecta</span> <span class='ocrx_word' id='word_1_109' title='bbox 762 1624 876 1684; x_wconf 87' lang='lat' dir='ltr'>reducit</span> 
     </span>
     <span class='ocr_line' id='line_1_17' title="bbox 188 1701 820 1782; baseline 0.005 -22"><span class='ocrx_word' id='word_1_110' title='bbox 188 1701 350 1782; x_wconf 91' lang='lat' dir='ltr'>auditisque</span> <span class='ocrx_word' id='word_1_111' title='bbox 366 1703 449 1780; x_wconf 88' lang='lat' dir='ltr'>lupos</span> <span class='ocrx_word' id='word_1_112' title='bbox 464 1721 575 1763; x_wconf 91' lang='lat' dir='ltr'>acuunt</span> <span class='ocrx_word' id='word_1_113' title='bbox 588 1705 729 1764; x_wconf 87' lang='lat' dir='ltr'>balatibus</span> <span class='ocrx_word' id='word_1_114' title='bbox 745 1705 820 1782; x_wconf 84' lang='lat' dir='ltr'>agni,</span> 
     </span>
    </p>

    <p class='ocr_par' dir='ltr' id='par_1_13' title="bbox 188 1783 964 1944">
     <span class='ocr_line' id='line_1_18' title="bbox 188 1783 964 1864; baseline 0.006 -23"><span class='ocrx_word' id='word_1_115' title='bbox 188 1783 312 1842; x_wconf 90' lang='lat' dir='ltr'>considit</span> <span class='ocrx_word' id='word_1_116' title='bbox 327 1785 446 1862; x_wconf 88' lang='lat' dir='ltr'>scopulo</span> <span class='ocrx_word' id='word_1_117' title='bbox 461 1785 582 1858; x_wconf 88' lang='lat' dir='ltr'>medius,</span> <span class='ocrx_word' id='word_1_118' title='bbox 598 1805 809 1864; x_wconf 88' lang='lat' dir='ltr'>numerumque</span> <span class='ocrx_word' id='word_1_119' title='bbox 824 1803 964 1846; x_wconf 86' lang='lat' dir='ltr'>recenset.</span> 
     </span>
     <span class='ocr_line' id='line_1_19' title="bbox 188 1865 880 1944; baseline 0.004 -22"><span class='ocrx_word' id='word_1_120' title='bbox 188 1865 268 1923; x_wconf 90' lang='lat' dir='ltr'>cuius</span> <span class='ocrx_word' id='word_1_121' title='bbox 283 1865 414 1924; x_wconf 86' lang='lat' dir='ltr'>Aristaeo</span> <span class='ocrx_word' id='word_1_122' title='bbox 429 1865 566 1944; x_wconf 90' lang='lat' dir='ltr'>quoniam</span> <span class='ocrx_word' id='word_1_123' title='bbox 582 1881 623 1926; x_wconf 87' lang='lat' dir='ltr'>est</span> <span class='ocrx_word' id='word_1_124' title='bbox 637 1867 733 1925; x_wconf 90' lang='lat' dir='ltr'>oblata</span> <span class='ocrx_word' id='word_1_125' title='bbox 748 1867 880 1938; x_wconf 88' lang='lat' dir='ltr'>facultas,</span> 
     </span>
    </p>

    <p class='ocr_par' dir='ltr' id='par_1_14' title="bbox 187 1945 916 2025">
     <span class='ocr_line' id='line_1_20' title="bbox 187 1945 916 2025; baseline 0.004 -22"><span class='ocrx_word' id='word_1_126' title='bbox 187 1946 235 2004; x_wconf 79' lang='lat' dir='ltr'>vix</span> <span class='ocrx_word' id='word_1_127' title='bbox 250 1945 360 2005; x_wconf 89' lang='lat' dir='ltr'>defessa</span> <span class='ocrx_word' id='word_1_128' title='bbox 374 1967 473 2005; x_wconf 89' lang='lat' dir='ltr'>senem</span> <span class='ocrx_word' id='word_1_129' title='bbox 487 1967 582 2025; x_wconf 88' lang='lat' dir='ltr'>passus</span> <span class='ocrx_word' id='word_1_130' title='bbox 598 1967 771 2024; x_wconf 89' lang='lat' dir='ltr'>componere</span> <span class='ocrx_word' id='word_1_131' title='bbox 786 1948 916 2007; x_wconf 85' lang='lat' dir='ltr'>membra</span> 
     </span>
    </p>

    <p class='ocr_par' dir='ltr' id='par_1_15' title="bbox 187 2027 1052 2264">
     <span class='ocr_line' id='line_1_21' title="bbox 187 2027 946 2108; baseline 0.003 -23"><span class='ocrx_word' id='word_1_132' title='bbox 187 2048 255 2085; x_wconf 90' lang='lat' dir='ltr'>cum</span> <span class='ocrx_word' id='word_1_133' title='bbox 270 2029 397 2086; x_wconf 86' lang='lat' dir='ltr'>clamore</span> <span class='ocrx_word' id='word_1_134' title='bbox 412 2027 471 2086; x_wconf 92' lang='lat' dir='ltr'>ruit</span> <span class='ocrx_word' id='word_1_135' title='bbox 486 2048 591 2104; x_wconf 85' lang='lat' dir='ltr'>magno</span> <span class='ocrx_word' id='word_1_136' title='bbox 606 2028 785 2108; x_wconf 88' lang='lat' dir='ltr'>manicisque</span> <span class='ocrx_word' id='word_1_137' title='bbox 800 2029 946 2088; x_wconf 89' lang='lat' dir='ltr'>iacentem</span> 
     </span>
     <span class='ocr_line' id='line_1_22' title="bbox 187 2109 1052 2186; baseline 0.002 -20"><span class='ocrx_word' id='word_1_138' title='bbox 187 2124 319 2186; x_wconf 92' lang='lat' dir='ltr'>occupat.</span> <span class='ocrx_word' id='word_1_139' title='bbox 362 2109 412 2168; x_wconf 88' lang='lat' dir='ltr'>ille</span> <span class='ocrx_word' id='word_1_140' title='bbox 428 2129 492 2168; x_wconf 88' lang='lat' dir='ltr'>suae</span> <span class='ocrx_word' id='word_1_141' title='bbox 507 2124 607 2168; x_wconf 90' lang='lat' dir='ltr'>contra</span> <span class='ocrx_word' id='word_1_142' title='bbox 622 2131 680 2167; x_wconf 91' lang='lat' dir='ltr'>non</span> <span class='ocrx_word' id='word_1_143' title='bbox 696 2110 839 2169; x_wconf 89' lang='lat' dir='ltr'>inmemor</span> <span class='ocrx_word' id='word_1_144' title='bbox 854 2110 920 2169; x_wconf 89' lang='lat' dir='ltr'>artis</span> <span class='ocrx_word' id='word_1_145' title='bbox 1014 2141 1052 2178; x_wconf 85' lang='lat'>440</span> 
     </span>
     <span class='ocr_line' id='line_1_23' title="bbox 188 2189 875 2264; baseline 0.004 -18"><span class='ocrx_word' id='word_1_146' title='bbox 188 2189 284 2248; x_wconf 89' lang='lat' dir='ltr'>omnia</span> <span class='ocrx_word' id='word_1_147' title='bbox 299 2191 483 2249; x_wconf 90' lang='lat' dir='ltr'>transformat</span> <span class='ocrx_word' id='word_1_148' title='bbox 497 2211 557 2248; x_wconf 88' lang='lat' dir='ltr'>sese</span> <span class='ocrx_word' id='word_1_149' title='bbox 573 2190 603 2247; x_wconf 93' lang='lat' dir='ltr'>in</span> <span class='ocrx_word' id='word_1_150' title='bbox 618 2190 757 2248; x_wconf 87' lang='lat' dir='ltr'>miracula</span> <span class='ocrx_word' id='word_1_151' title='bbox 772 2211 875 2264; x_wconf 89' lang='lat' dir='ltr'>rerum,</span> 
     </span>
    </p>

    <p class='ocr_par' dir='ltr' id='par_1_16' title="bbox 186 2269 1050 2428">
     <span class='ocr_line' id='line_1_24' title="bbox 187 2269 1050 2349; baseline 0.003 -22"><span class='ocrx_word' id='word_1_152' title='bbox 187 2269 344 2348; x_wconf 86' lang='lat' dir='ltr'>ignemque</span> <span class='ocrx_word' id='word_1_153' title='bbox 353 2271 580 2349; x_wconf 88' lang='lat' dir='ltr'>horribilemque</span> <span class='ocrx_word' id='word_1_154' title='bbox 591 2271 680 2328; x_wconf 89' lang='lat' dir='ltr'>feram</span> <span class='ocrx_word' id='word_1_155' title='bbox 690 2269 869 2349; x_wconf 89' lang='lat' dir='ltr'>fluviumque</span> <span class='ocrx_word' id='word_1_156' title='bbox 879 2270 1050 2348; x_wconf 86' lang='lat' dir='ltr'>liquentem.</span> 
     </span>
     <span class='ocr_line' id='line_1_25' title="bbox 186 2350 930 2428; baseline 0 -20"><span class='ocrx_word' id='word_1_157' title='bbox 186 2371 287 2409; x_wconf 89' lang='lat' dir='ltr'>verum</span> <span class='ocrx_word' id='word_1_158' title='bbox 303 2351 352 2409; x_wconf 93' lang='lat' dir='ltr'>ubi</span> <span class='ocrx_word' id='word_1_159' title='bbox 368 2353 449 2410; x_wconf 89' lang='lat' dir='ltr'>nulla</span> <span class='ocrx_word' id='word_1_160' title='bbox 465 2353 562 2427; x_wconf 78' lang='lat' dir='ltr'>fugam</span> <span class='ocrx_word' id='word_1_161' title='bbox 577 2351 683 2428; x_wconf 87' lang='lat' dir='ltr'>reperit</span> <span class='ocrx_word' id='word_1_162' title='bbox 697 2350 823 2422; x_wconf 87' lang='lat' dir='ltr'>fallacia,</span> <span class='ocrx_word' id='word_1_163' title='bbox 837 2351 930 2410; x_wconf 89' lang='lat' dir='ltr'>victus</span> 
     </span>
    </p>

    <p class='ocr_par' dir='ltr' id='par_1_17' title="bbox 187 2431 970 2510">
     <span class='ocr_line' id='line_1_26' title="bbox 187 2431 970 2510; baseline 0.001 -21"><span class='ocrx_word' id='word_1_164' title='bbox 187 2431 218 2488; x_wconf 91' lang='lat' dir='ltr'>in</span> <span class='ocrx_word' id='word_1_165' title='bbox 233 2452 292 2490; x_wconf 90' lang='lat' dir='ltr'>sese</span> <span class='ocrx_word' id='word_1_166' title='bbox 307 2431 383 2490; x_wconf 90' lang='lat' dir='ltr'>redit</span> <span class='ocrx_word' id='word_1_167' title='bbox 397 2447 484 2510; x_wconf 89' lang='lat' dir='ltr'>atque</span> <span class='ocrx_word' id='word_1_168' title='bbox 498 2431 625 2490; x_wconf 89' lang='lat' dir='ltr'>hominis</span> <span class='ocrx_word' id='word_1_169' title='bbox 640 2431 758 2491; x_wconf 91' lang='lat' dir='ltr'>tandem</span> <span class='ocrx_word' id='word_1_170' title='bbox 772 2452 821 2489; x_wconf 90' lang='lat' dir='ltr'>ore</span> <span class='ocrx_word' id='word_1_171' title='bbox 836 2432 970 2490; x_wconf 91' lang='lat' dir='ltr'>locutus:</span> 
     </span>
    </p>

    <p class='ocr_par' dir='ltr' id='par_1_18' title="bbox 167 2512 1052 2672">
     <span class='ocr_line' id='line_1_27' title="bbox 167 2512 933 2590; baseline 0 -21"><span class='ocrx_word' id='word_1_172' title='bbox 167 2517 253 2570; x_wconf 88' lang='lat' dir='ltr'>‘nam</span> <span class='ocrx_word' id='word_1_173' title='bbox 268 2512 331 2590; x_wconf 92' lang='lat' dir='ltr'>quis</span> <span class='ocrx_word' id='word_1_174' title='bbox 346 2528 383 2584; x_wconf 88' lang='lat' dir='ltr'>te,</span> <span class='ocrx_word' id='word_1_175' title='bbox 400 2512 539 2571; x_wconf 90' lang='lat' dir='ltr'>iuvenum</span> <span class='ocrx_word' id='word_1_176' title='bbox 554 2512 810 2584; x_wconf 89' lang='lat' dir='ltr'>confidentissime,</span> <span class='ocrx_word' id='word_1_177' title='bbox 826 2527 933 2570; x_wconf 87' lang='lat' dir='ltr'>nostras</span> 
     </span>
     <span class='ocr_line' id='line_1_28' title="bbox 188 2591 1052 2672; baseline 0.002 -22"><span class='ocrx_word' id='word_1_178' title='bbox 188 2593 268 2651; x_wconf 88' lang='lat' dir='ltr'>iussit</span> <span class='ocrx_word' id='word_1_179' title='bbox 287 2593 367 2652; x_wconf 89' lang='lat' dir='ltr'>adire</span> <span class='ocrx_word' id='word_1_180' title='bbox 386 2594 506 2652; x_wconf 85' lang='lat' dir='ltr'>domos?</span> <span class='ocrx_word' id='word_1_181' title='bbox 535 2593 642 2672; x_wconf 91' lang='lat' dir='ltr'>quidve</span> <span class='ocrx_word' id='word_1_182' title='bbox 665 2593 734 2652; x_wconf 90' lang='lat' dir='ltr'>hinc</span> <span class='ocrx_word' id='word_1_183' title='bbox 749 2591 855 2672; x_wconf 62' lang='lat' dir='ltr'>petis?</span> <span class='ocrx_word' id='word_1_184' title='bbox 882 2592 987 2670; x_wconf 88' lang='lat' dir='ltr'>inquit.</span> <span class='ocrx_word' id='word_1_185' title='bbox 1023 2609 1052 2652; x_wconf 89' lang='lat' dir='ltr'>at</span> 
     </span>
    </p>

    <p class='ocr_par' dir='ltr' id='par_1_19' title="bbox 268 2673 332 2733">
     <span class='ocr_line' id='line_1_29' title="bbox 268 2673 332 2733; baseline 0.016 -1"><span class='ocrx_word' id='word_1_186' title='bbox 268 2673 332 2733; x_wconf 87' lang='lat' dir='ltr'>ille:</span> 
     </span>
    </p>

    <p class='ocr_par' dir='ltr' id='par_1_20' title="bbox 167 2754 1054 3233">
     <span class='ocr_line' id='line_1_30' title="bbox 167 2754 1039 2834; baseline 0 -22"><span class='ocrx_word' id='word_1_187' title='bbox 167 2755 248 2826; x_wconf 89' lang='lat' dir='ltr'>‘scis,</span> <span class='ocrx_word' id='word_1_188' title='bbox 260 2755 374 2827; x_wconf 87' lang='lat' dir='ltr'>Proteu,</span> <span class='ocrx_word' id='word_1_189' title='bbox 391 2756 443 2814; x_wconf 90' lang='lat' dir='ltr'>scis</span> <span class='ocrx_word' id='word_1_190' title='bbox 454 2756 533 2833; x_wconf 87' lang='lat' dir='ltr'>ipse;</span> <span class='ocrx_word' id='word_1_191' title='bbox 555 2776 651 2834; x_wconf 89' lang='lat' dir='ltr'>neque</span> <span class='ocrx_word' id='word_1_192' title='bbox 662 2772 703 2814; x_wconf 88' lang='lat' dir='ltr'>est</span> <span class='ocrx_word' id='word_1_193' title='bbox 713 2771 742 2814; x_wconf 89' lang='lat' dir='ltr'>te</span> <span class='ocrx_word' id='word_1_194' title='bbox 752 2756 854 2814; x_wconf 86' lang='lat' dir='ltr'>fallere</span> <span class='ocrx_word' id='word_1_195' title='bbox 864 2754 1039 2834; x_wconf 87' lang='lat' dir='ltr'>quicquam;</span> 
     </span>
     <span class='ocr_line' id='line_1_31' title="bbox 188 2835 906 2915; baseline 0.003 -23"><span class='ocrx_word' id='word_1_196' title='bbox 188 2835 237 2893; x_wconf 90' lang='lat' dir='ltr'>sed</span> <span class='ocrx_word' id='word_1_197' title='bbox 254 2850 283 2893; x_wconf 94' lang='lat' dir='ltr'>tu</span> <span class='ocrx_word' id='word_1_198' title='bbox 299 2836 399 2894; x_wconf 87' lang='lat' dir='ltr'>desine</span> <span class='ocrx_word' id='word_1_199' title='bbox 414 2838 502 2896; x_wconf 91' lang='lat' dir='ltr'>velle.</span> <span class='ocrx_word' id='word_1_200' title='bbox 543 2837 631 2895; x_wconf 90' lang='lat' dir='ltr'>deum</span> <span class='ocrx_word' id='word_1_201' title='bbox 645 2852 800 2915; x_wconf 86' lang='lat' dir='ltr'>praecepta</span> <span class='ocrx_word' id='word_1_202' title='bbox 814 2836 906 2895; x_wconf 89' lang='lat' dir='ltr'>secuti</span> 
     </span>
     <span class='ocr_line' id='line_1_32' title="bbox 186 2915 930 2995; baseline 0.004 -23"><span class='ocrx_word' id='word_1_203' title='bbox 186 2915 328 2988; x_wconf 87' lang='lat' dir='ltr'>venimus,</span> <span class='ocrx_word' id='word_1_204' title='bbox 343 2917 413 2976; x_wconf 90' lang='lat' dir='ltr'>hinc</span> <span class='ocrx_word' id='word_1_205' title='bbox 429 2917 506 2976; x_wconf 87' lang='lat' dir='ltr'>lassis</span> <span class='ocrx_word' id='word_1_206' title='bbox 521 2917 683 2995; x_wconf 88' lang='lat' dir='ltr'>quaesitum</span> <span class='ocrx_word' id='word_1_207' title='bbox 698 2917 812 2976; x_wconf 91' lang='lat' dir='ltr'>oracula</span> <span class='ocrx_word' id='word_1_208' title='bbox 825 2917 930 2976; x_wconf 66' lang='lat' dir='ltr'>rebus?</span> 
     </span>
     <span class='ocr_line' id='line_1_33' title="bbox 188 2997 1054 3077; baseline 0.003 -24"><span class='ocrx_word' id='word_1_209' title='bbox 188 3012 302 3061; x_wconf 90' lang='lat' dir='ltr'>tantum</span> <span class='ocrx_word' id='word_1_210' title='bbox 317 2998 428 3058; x_wconf 86' lang='lat' dir='ltr'>effatus.</span> <span class='ocrx_word' id='word_1_211' title='bbox 470 2998 593 3056; x_wconf 89' lang='lat' dir='ltr'>adhaec</span> <span class='ocrx_word' id='word_1_212' title='bbox 609 3013 687 3056; x_wconf 87' lang='lat' dir='ltr'>vates</span> <span class='ocrx_word' id='word_1_213' title='bbox 702 2997 730 3056; x_wconf 92' lang='lat' dir='ltr'>vi</span> <span class='ocrx_word' id='word_1_214' title='bbox 745 2997 872 3077; x_wconf 89' lang='lat' dir='ltr'>denique</span> <span class='ocrx_word' id='word_1_215' title='bbox 887 2999 980 3057; x_wconf 90' lang='lat' dir='ltr'>multa</span> <span class='ocrx_word' id='word_1_216' title='bbox 1015 3025 1054 3065; x_wconf 80' lang='lat'>4⁵0</span> 
     </span>
     <span class='ocr_line' id='line_1_34' title="bbox 186 3077 815 3155; baseline 0.003 -21"><span class='ocrx_word' id='word_1_217' title='bbox 186 3077 320 3136; x_wconf 87' lang='lat' dir='ltr'>ardentes</span> <span class='ocrx_word' id='word_1_218' title='bbox 334 3079 433 3136; x_wconf 90' lang='lat' dir='ltr'>oculos</span> <span class='ocrx_word' id='word_1_219' title='bbox 448 3078 563 3137; x_wconf 89' lang='lat' dir='ltr'>intorsit</span> <span class='ocrx_word' id='word_1_220' title='bbox 578 3079 688 3137; x_wconf 91' lang='lat' dir='ltr'>lumine</span> <span class='ocrx_word' id='word_1_221' title='bbox 702 3078 815 3155; x_wconf 84' lang='lat' dir='ltr'>glauco,</span> 
     </span>
     <span class='ocr_line' id='line_1_35' title="bbox 187 3157 856 3233; baseline 0.006 -19"><span class='ocrx_word' id='word_1_222' title='bbox 187 3172 216 3215; x_wconf 92' lang='lat' dir='ltr'>et</span> <span class='ocrx_word' id='word_1_223' title='bbox 230 3157 355 3233; x_wconf 84' lang='lat' dir='ltr'>graviter</span> <span class='ocrx_word' id='word_1_224' title='bbox 369 3159 506 3217; x_wconf 87' lang='lat' dir='ltr'>frendens</span> <span class='ocrx_word' id='word_1_225' title='bbox 521 3159 560 3218; x_wconf 92' lang='lat' dir='ltr'>sic</span> <span class='ocrx_word' id='word_1_226' title='bbox 576 3159 640 3216; x_wconf 86' lang='lat' dir='ltr'>fatis</span> <span class='ocrx_word' id='word_1_227' title='bbox 655 3180 704 3216; x_wconf 89' lang='lat' dir='ltr'>ora</span> <span class='ocrx_word' id='word_1_228' title='bbox 718 3159 856 3218; x_wconf 89' lang='lat' dir='ltr'>resolvit:</span> 
     </span>
    </p>

    <p class='ocr_par' dir='ltr' id='par_1_21' title="bbox 186 3239 1025 3398">
     <span class='ocr_line' id='line_1_36' title="bbox 228 3239 865 3311; baseline 0.008 -16"><span class='ocrx_word' id='word_1_229' title='bbox 228 3243 306 3295; x_wconf 88' lang='lat' dir='ltr'>‘non</span> <span class='ocrx_word' id='word_1_230' title='bbox 322 3254 351 3296; x_wconf 91' lang='lat' dir='ltr'>te</span> <span class='ocrx_word' id='word_1_231' title='bbox 366 3239 474 3298; x_wconf 89' lang='lat' dir='ltr'>nullius</span> <span class='ocrx_word' id='word_1_232' title='bbox 490 3254 628 3298; x_wconf 89' lang='lat' dir='ltr'>exercent</span> <span class='ocrx_word' id='word_1_233' title='bbox 643 3239 770 3297; x_wconf 88' lang='lat' dir='ltr'>numinis</span> <span class='ocrx_word' id='word_1_234' title='bbox 785 3239 843 3300; x_wconf 88' lang='lat' dir='ltr'>irae</span> <span class='ocrx_word' id='word_1_235' title='bbox 857 3265 865 3311; x_wconf 91' lang='lat'>;</span> 
     </span>
     <span class='ocr_line' id='line_1_37' title="bbox 186 3319 1025 3398; baseline 0.002 -22"><span class='ocrx_word' id='word_1_236' title='bbox 186 3337 291 3395; x_wconf 85' lang='lat' dir='ltr'>magna</span> <span class='ocrx_word' id='word_1_237' title='bbox 306 3319 361 3377; x_wconf 90' lang='lat' dir='ltr'>luis</span> <span class='ocrx_word' id='word_1_238' title='bbox 377 3320 549 3378; x_wconf 85' lang='lat' dir='ltr'>commissa:</span> <span class='ocrx_word' id='word_1_239' title='bbox 571 3319 623 3378; x_wconf 93' lang='lat' dir='ltr'>tibi</span> <span class='ocrx_word' id='word_1_240' title='bbox 638 3321 688 3378; x_wconf 85' lang='lat' dir='ltr'>has</span> <span class='ocrx_word' id='word_1_241' title='bbox 704 3319 874 3380; x_wconf 89' lang='lat' dir='ltr'>miserabilis</span> <span class='ocrx_word' id='word_1_242' title='bbox 889 3322 1025 3398; x_wconf 89' lang='lat' dir='ltr'>Orpheus</span> 
     </span>
    </p>
   </div>
   <div class='ocr_carea' id='block_1_3' title="bbox 336 3411 868 3476">
    <p class='ocr_par' dir='ltr' id='par_1_22' title="bbox 336 3411 868 3476">
     <span class='ocr_line' id='line_1_38' title="bbox 336 3411 868 3476; baseline -0.021 -3"><span class='ocrx_word' id='word_1_243' title='bbox 336 3425 383 3473; x_wconf 84' lang='lat'>443</span> <span class='ocrx_word' id='word_1_244' title='bbox 402 3412 504 3473; x_wconf 62' lang='lat' dir='ltr'>Pellacia·</span> <span class='ocrx_word' id='word_1_245' title='bbox 538 3425 586 3473; x_wconf 89' lang='lat'>447</span> <span class='ocrx_word' id='word_1_246' title='bbox 604 3411 719 3474; x_wconf 80' lang='lat' dir='ltr'>cuiquam.</span> <span class='ocrx_word' id='word_1_247' title='bbox 751 3425 801 3476; x_wconf 83' lang='lat'>454</span> <span class='ocrx_word' id='word_1_248' title='bbox 812 3417 868 3462; x_wconf 84' lang='lat' dir='ltr'>lues.</span> 
     </span>
    </p>
   </div>
   <div class='ocr_carea' id='block_1_4' title="bbox 0 0 1289 4112">
    <p class='ocr_par' dir='ltr' id='par_1_23' title="bbox 0 0 1289 4112">
     <span class='ocr_line' id='line_1_39' title="bbox 0 0 1289 4112; baseline 0 0"><span class='ocrx_word' id='word_1_249' title='bbox 0 0 1289 4112; x_wconf 95' lang='lat' dir='ltr'> </span> 
     </span>
    </p>
   </div>
  </div>
 </body>
</html>
