2568 4114
255 361 302 398 212
527 345 553 392 P.
571 343 714 392 VERGILI
731 343 888 392 MARONIS

296 476 495 554 pallentesque
509 473 639 532 habitant
655 473 763 545 Morbi,
779 473 922 552 tristisque
937 474 1089 546 Senectus,

297 572 326 616 et
342 556 451 628 Metus,
467 570 496 613 et
511 554 671 614 malesuada
686 556 794 626 Fames,
810 575 842 612 ac
858 554 948 634 turpis
963 556 1088 631 Egestas,

297 636 480 696 terribiles
453 657 514 695 visu
529 635 646 708 formae,
662 635 837 714 Letumque,
851 636 1021 716 Labosque;

296 735 359 778 turn
374 717 601 794 consanguineus
616 715 682 775 Leti
699 717 797 793 Sopor,
812 733 841 776 et
855 718 930 775 mala
943 718 1048 776 mentis

297 799 421 869 Gaudia,
435 796 674 877 mortiferumque
689 798 828 856 adverso
820 819 851 856 rn
867 796 969 858 limine
984 799 1111 868 Bellum,

297 879 438 958 ferreique
473 878 670 937 Eumenidum
705 879 833 951 thalami,
867 895 896 937 et
929 877 1079 939 Discordia
1113 880 1166 939 de·

377 981 467 1032 mens,
1127 979 1167 1020 sss

295 1041 444 1120 vipereum
459 1040 570 1099 crinem
585 1038 661 1099 vittis
676 1039 782 1099 innexa
796 1041 932 1100 cruentis.

296 1123 327 1184 in
342 1122 438 1181 medio
452 1141 543 1180 ramos
558 1141 721 1200 annosaque
737 1121 869 1180 bracchia
881 1121 983 1199 pandit

296 1203 391 1262 ulmus
406 1223 502 1280 opaca,
517 1202 629 1278 ingens,
643 1221 729 1280 quam
744 1203 841 1261 sedem
857 1202 973 1261 Somnia
987 1203 1074 1278 vulgo

295 1305 368 1343 vana
383 1300 481 1342 tenere
496 1283 601 1353 ferunt,
617 1283 751 1361 foliisque
765 1283 818 1341 sub
832 1283 966 1342 omnibus
979 1284 1108 1343 haerent.

296 1365 445 1444 multaque
459 1381 604 1443 praeterea
619 1363 762 1422 variarum
776 1380 903 1422 monstra
917 1364 1040 1423 ferarum

297 1445 437 1504 Centauri
452 1445 483 1502 in
498 1444 605 1502 foribus
622 1444 775 1515 stabulant,
791 1445 962 1523 Scyllaeque
976 1444 1121 1517 biformes,

296 1541 325 1585 et
340 1525 591 1600 centumgeminus
606 1525 744 1595 Briareus,
761 1546 792 1584 ac
809 1525 893 1584 belua
907 1524 1017 1583 Lernae

296 1606 471 1664 horrendum
487 1606 616 1676 stridens,
634 1605 813 1684 flammisque
828 1622 935 1666 armata
950 1605 1112 1675 Chimaera,

296 1688 457 1762 Gorgones,
474 1686 689 1766 Harpyiaeque,
706 1691 736 1745 'et
753 1688 843 1745 forma
858 1685 1020 1766 tricorporis
1035 1688 1161 1746 umbrae.

296 1768 415 1846 corripit
428 1766 476 1826 hic
491 1768 584 1827 subita
601 1767 727 1847 trepidus
743 1766 897 1827 formidine
911 1767 1020 1826 ferrum
1127 1797 1165 1838 ηε

295 1852 418 1920 Aeneas,
433 1849 620 1927 strictamque
636 1848 728 1908 aciem
743 1849 925 1907 venientibus
939 1849 1032 1920 offert,

296 1947 334 2000 et,
350 1931 380 1988 ni
396 1931 479 1989 docta
494 1950 589 1988 comes
604 1946 705 1989 tenues
721 1929 781 1988 sine
796 1949 914 2008 corpore
928 1929 1000 1989 vitas

297 2012 449 2070 admoneat
463 2011 583 2069 volitare
598 2031 667 2068 cava
681 2011 734 2069 sub
748 2011 874 2086 imagine
888 2011 1006 2080 formae,

297 2093 403 2163 inruat,
418 2106 447 2150 et
460 2091 563 2150 frustra
577 2091 653 2150 ferro
667 2091 829 2151 diverberet
844 2092 965 2152 umbras.

336 2171 405 2231 hinc
420 2171 466 2230 via
481 2171 614 2232 Tartarei
630 2193 704 2251 quae
719 2172 774 2232 fert
788 2173 960 2232 Acherontis
974 2173 1011 2232 ad
1025 2173 1128 2234 undas.

296 2253 427 2313 turbidus
441 2253 489 2312 hic
505 2274 595 2312 caeno
609 2270 744 2332 vastaque
758 2252 891 2330 voragine
905 2274 1007 2331 gurges

297 2350 407 2394 aestuat
421 2350 507 2413 atque
521 2355 637 2393 omnem
654 2333 767 2411 Cocyto
781 2350 893 2394 eructat
906 2337 1053 2395 harenam.

295 2415 417 2494 portitor
428 2417 478 2473 has
491 2415 651 2474 horrendus
665 2435 751 2494 aquas
765 2432 795 2474 et
809 2415 930 2474 flumina
944 2431 1035 2475 servat

297 2496 417 2556 terribili
433 2496 566 2575 squalore
582 2496 719 2555 Charon:
740 2496 788 2555 cui
802 2496 928 2574 plurima
942 2512 1041 2555 mento
1125 2542 1129 2548 .

295 2577 415 2636 canities
431 2577 543 2635 inculta
558 2577 656 2649 iacet3
678 2591 753 2636 stant
767 2576 879 2636 lumina
893 2576 1029 2648 flamma,
1127 2606 1169 2646 μ

296 2658 423 2717 sordidus
438 2677 474 2716 ex
490 2656 595 2717 umeris
611 2658 686 2716 nodo
701 2656 844 2734 dependet
858 2657 989 2718 amictus.

295 2739 356 2816 ipse
370 2756 462 2798 ratem
477 2755 564 2797 conto
579 2737 683 2813 subigit
698 2737 827 2816 velisque
841 2737 995 2809 ministrat,

296 2834 325 2877 et
340 2818 502 2896 ferruginea
517 2820 666 2878 subvectat
681 2839 797 2896 corpora
811 2820 926 2890 cumba,

295 2899 354 2958 iam
368 2900 481 2971 senior;
502 2900 551 2959 sed
566 2899 654 2959 cruda
668 2899 722 2958 deo
737 2898 892 2978 viridisque
906 2914 1046 2958 senectus.

295 2980 353 3038 huc
368 2980 463 3039 omnis
477 2981 560 3039 turba
576 2978 648 3038 ad'
625 3000 700 3056 npas
716 2979 804 3038 effusa
818 2980 931 3052 ruebat,

296 3075 400 3118 matres
416 3077 502 3139 atque
516 3059 580 3132 viri,
595 3060 790 3153 defunctaque
805 3082 923 3139 corpora
936 3060 995 3119 vita

295 3141 512 3233 magnanimum
527 3143 657 3234 heroum,
673 3141 755 3219 pueri
771 3141 969 3221 innuptaeque
983 3140 1110 3219 puellae,

295 3220 471 3299 inpositique
485 3221 559 3315 rqgis
569 3221 692 3280 iuvenes
707 3237 773 3280 ante
788 3241 838 3280 ora
851 3237 1022 3299 parentum:

296 3319 383 3379 quam
397 3301 511 3360 multa
504 3322 534 3360 tn
550 3301 628 3361 silvis
640 3301 773 3360 autumni
789 3302 893 3378 frigore
906 3300 1001 3380 primo

624 3409 671 3459 300
688 3395 802 3445 flammae.
