2556 4116
392 325 594 374 GEORGICON
612 327 675 374 LIB.
692 326 717 374 11

139 455 277 516 Tmolius
292 454 418 531 adsurgit
432 455 533 534 quibus
549 470 578 513 et
592 475 643 513 rex
659 455 718 534 ipse
735 457 903 526 Phanaeus3

139 537 306 615 Argitisque
321 535 425 608 minor,
442 536 489 594 cui
505 557 564 594 non
580 536 732 596 certaverit
748 537 807 596 ulla

141 634 191 677 aut
206 633 321 676 tantum
337 617 427 675 fluere
444 632 494 675 aut
510 617 632 688 totidem
647 618 748 677 durare
762 639 813 696 per
827 641 925 679 annos.
977 652 1014 680 ιω

141 719 201 758 non
217 719 270 775 ego
284 713 323 769 te,
338 697 380 756 dis
396 713 425 756 et
439 698 544 756 mensis
560 714 680 777 accepta
695 699 835 771 secundis,

141 779 313 850 transierim,
328 778 453 850 Rhodia,
469 795 497 838 et
512 779 639 850 tumidis,
657 780 803 854 Bumaste,
817 782 947 858 racemis.

142 861 190 919 sed
205 881 299 939 neque
311 881 398 938 quam
409 860 519 918 multae
531 861 651 938 species,
663 882 717 919 nec
733 861 851 921 nomina
863 884 935 940 quae
946 863 1012 934 sint,

143 958 184 1000 est
193 961 330 999 numerus
339 966 348 1011 ;
364 941 548 1019 nequeenim
558 962 682 1000 numero
690 943 897 1019 comprendere
906 944 995 1003 refert
1004 969 1014 1014 ς

143 1043 229 1104 quem
245 1022 293 1100 qui
308 1021 381 1080 scire
396 1021 476 1092 velit,
493 1021 597 1098 Libyci
613 1022 683 1080 velit
698 1023 826 1101 aequoris
840 1023 918 1081 idem

142 1104 252 1162 discere
266 1122 354 1181 quam
369 1102 477 1160 multae
494 1101 634 1181 Zephyro
648 1103 800 1162 turbentur
813 1105 948 1175 harenae,

143 1199 190 1243 aut
204 1184 254 1242 ubi
269 1181 389 1259 navigiis
404 1183 560 1241 violentior
574 1183 678 1243 incidit
693 1184 795 1257 Eurus,

129 1285 223 1326 -nosse
238 1280 308 1343 quot
323 1261 399 1323 Ionii
415 1264 535 1322 veniant
552 1264 588 1323 ad
602 1264 685 1323 litora
700 1264 814 1324 fluctus.

182 1366 236 1404 nec
250 1365 319 1404 vero
334 1360 426 1403 terrae
441 1344 517 1404 ferre
532 1365 632 1404 omnes
647 1345 745 1404 omnia
757 1363 885 1424 possunt.

143 1427 310 1486 fluminibus
326 1426 426 1485 salices
442 1425 597 1507 crassisque
613 1427 765 1507 paludibus
779 1427 837 1486 alni
976 1460 1013 1488 uo

142 1521 309 1579 nascuntur,
326 1506 434 1566 steriles
450 1507 553 1566 saxosis
569 1506 716 1566 montibus
730 1509 817 1576 orni3

142 1589 224 1648 litora
237 1588 370 1665 myrtetis
386 1589 539 1647 laetissima
552 1614 562 1660 ;
584 1587 711 1668 denique
726 1605 837 1666 apertos

142 1671 272 1728 Bacchus
286 1685 362 1728 amat
378 1668 477 1742 colles,
491 1668 671 1750 Aquilonem
686 1685 714 1727 et
729 1669 833 1745 frigora
848 1671 917 1731 taxi.

141 1751 235 1829 aspice
250 1766 280 1808 et
295 1750 429 1810 extremis
446 1750 590 1810 domitum
606 1749 765 1810 cultoribus
780 1749 880 1810 orbem

141 1833 270 1910 ansque
285 1831 384 1890 domos
400 1832 530 1890 Arabum
546 1830 697 1910 pictosque
712 1829 865 1890 Gelonos:

141 1913 247 1971 divisae
262 1911 409 1971 arboribus
425 1911 544 1991 patriae.
589 1913 647 1970 sola
662 1909 746 1969 India
760 1911 874 1988 nigrum

139 1994 195 2053 fert
210 1993 366 2066 hebenum,
383 1993 449 2052 solis
466 2009 508 2052 est
524 2008 605 2051 turea
620 1993 699 2069 virga
715 1991 836 2053 Sabaeis.

140 2074 210 2154 quid
225 2073 278 2132 tibi
292 2074 410 2133 odorato
426 2073 549 2133 referam
565 2074 698 2133 sudantia
713 2075 792 2150 ligno

140 2155 322 2234 balsamaque
338 2171 368 2214 et
382 2155 464 2214 bacas
484 2175 595 2234 semper
611 2155 772 2214 frondentis
786 2155 924 2215 acanthi?

140 2236 210 2316 quid
225 2256 344 2294 nemora
357 2236 538 2375 Aethiopum
557 2235 638 2293 molli
655 2237 789 2294 canentia
802 2239 875 2307 lana,
976 2267 1013 2294 ιω

140 2317 303 2396 velleraque
319 2334 351 2375 ut
366 2317 443 2376 foliis
480 2331 618 2395 epectant
634 2315 732 2373 tenuia
748 2317 827 2374 Seres
841 2342 850 2387 3

139 2413 189 2456 aut
204 2413 275 2476 quos
290 2398 411 2456 Oceano
426 2397 543 2476 propior
561 2396 635 2472 gerit
650 2395 732 2454 India
746 2397 835 2468 lucos,

139 2479 261 2538 extremi
276 2479 353 2538 sinus
369 2479 455 2550 orbis,
471 2477 520 2537 ubi
540 2487 602 2536 adra
616 2477 733 2536 vincere
749 2498 893 2536 summum

139 2559 246 2618 arboris
260 2560 338 2619 haud
353 2561 430 2618 ullae
445 2560 522 2618 iactu
541 2576 661 2637 potuere
677 2558 813 2636 sagittae?

139 2657 169 2700 et
183 2661 253 2718 gens
268 2641 318 2700 illa
332 2642 450 2720 quidem
467 2640 587 2720 sumptis
605 2662 664 2699 non
680 2641 759 2699 tarda
771 2640 920 2718 pharetris.

140 2723 245 2782 Media
260 2723 317 2782 fert
331 2723 424 2783 tristes
439 2744 520 2782 sucos
539 2722 710 2801 tardumque
726 2743 852 2799 saporem

138 2804 234 2863 felicis
249 2805 328 2875 mali,
343 2827 400 2885 quo
416 2825 474 2864 non
490 2803 670 2882 praesentius
685 2803 786 2874 ullum,

137 2885 244 2964 pocula
258 2885 280 2944 si
295 2887 411 2964 quando
426 2906 523 2945 saevae
539 2885 668 2944 infecere
683 2905 822 2943 novercae

137 2966 376 3046 miscueruntque
390 2968 492 3026 herbas
509 2982 538 3025 et
553 2988 612 3026 non
630 2965 751 3025 innoxia
764 2965 858 3036 verba,

138 3047 280 3106 auxilium
294 3047 376 3106 venit
390 3069 423 3107 ac
439 3047 575 3107 membris
592 3047 649 3123 agit
665 3061 723 3104 atra
737 3067 858 3107 venena.
976 3075 1014 3114 ῳ

137 3128 200 3206 ipsa
214 3127 316 3203 ingens
330 3127 411 3188 arbos
426 3128 589 3208 faciemque
606 3126 753 3186 simillima
767 3128 870 3199 lauro;

137 3223 179 3280 et,
195 3208 217 3266 si
233 3228 293 3266 non
308 3209 398 3268 alium
413 3209 470 3271 late
485 3209 603 3268 iactaret
619 3207 746 3280 odorem,

138 3290 238 3350 laurus
255 3305 314 3349 erat
328 3315 338 3362 3
359 3289 429 3350 folia
442 3290 521 3349 haud
536 3288 602 3348 ullis
619 3288 745 3349 lab'entia
759 3289 852 3351 ventis
865 3314 875 3361 3

490 3382 535 3432 106
553 3381 634 3431 dicere.
