2562 4114
248 391 296 440 ³30
517 379 545 426 r.
562 377 706 426 vinctu
723 377 880 426 ιιιιιοιιιι

286 509 452 567 innumeras
467 523 594 566 struxere
609 527 690 585 pyras
703 533 713 578 ;
734 523 764 566 et
778 527 898 585 corpora
910 509 1015 586 partim

286 589 378 648 multa
391 590 486 647 virum
501 605 590 648 terrae
605 588 765 659 infodiunt,
778 605 934 668 avectaque
946 591 1053 667 purtim

286 670 424 728 finitimos
439 671 547 729 tollunt
559 670 592 728 in
606 690 696 746 agros,
711 670 832 748 urbique
846 671 999 730 remittunt
1011 697 1021 742 ;

285 766 390 820 cetera,
405 752 598 829 confusaeque
612 751 761 827 ingentem
775 750 868 809 caedis
884 771 1028 824 acervum,

286 852 340 891 nec
356 852 478 891 numero
492 851 545 890 nec
561 833 669 890 honore
684 848 815 890 cremant
827 857 837 902 ;
857 847 927 890 tunc
939 833 1069 912 undique
1080 836 1152 893 vasti

286 913 419 972 certatim
433 912 538 971 crebris
552 913 700 971 collucent
715 913 828 988 ignibus
842 913 910 987 agri.

286 993 370 1053 tertia
383 993 434 1052 lux
448 993 573 1070 gelidam
588 992 668 1051 caelo
682 993 841 1051 dimoverat
855 994 985 1052 umbram
999 1017 1008 1053 ι
1115 1027 1152 1054 210

286 1091 444 1134 maerentes
457 1075 548 1132 altum
563 1074 691 1132 cinerem
707 1089 736 1132 et
751 1074 869 1132 confusa
882 1074 1002 1133 ruebant

285 1177 345 1214 ossa
358 1156 440 1226 focis,
455 1154 611 1233 tepidoque
624 1155 783 1213 onerabant
798 1173 899 1230 aggere
913 1171 1013 1214 terrae.

286 1237 342 1296 iam
356 1257 422 1295 vero
436 1237 467 1295 in
483 1235 576 1306 tectis,
590 1234 755 1314 prsedivitis
770 1235 840 1294 urbe
853 1235 960 1306 latini,

285 1318 455 1410 praecipuus
469 1317 562 1393 fragor
576 1333 605 1375 et
620 1315 698 1392 longi
712 1336 776 1394 pars
790 1316 914 1374 maxims
927 1316 1032 1375 luctus.

284 1398 333 1457 hic
348 1414 451 1457 matres
465 1397 643 1475 miseraeque
657 1417 756 1489 nurus,
770 1396 818 1455 hic
833 1416 898 1455 cara
911 1417 1038 1455 sororum

284 1495 400 1557 pectora
414 1493 602 1548 maerentum,
617 1478 758 1556 puerique
772 1478 937 1556 parentibus
950 1478 1023 1548 orbi,

283 1560 379 1618 dirum
394 1574 577 1618 exsecrantur
590 1559 701 1617 bellum
716 1558 871 1636 Turnique
885 1560 1057 1634 hymenaeos
1070 1583 1081 1626 ;

284 1639 378 1717 ipsum
392 1639 485 1710 armis,
500 1639 653 1718 ipsumque
664 1639 766 1698 iubent
781 1639 933 1697 decernere
948 1639 1034 1709 ferro,

283 1720 333 1798 qui
349 1739 470 1795 regnum
485 1720 586 1778 Italiae
601 1735 630 1778 et
643 1720 753 1798 primos
767 1718 821 1777 sibi
835 1734 933 1796 poscat
946 1720 1083 1780 honores.

283 1801 411 1878 ingravat
424 1802 496 1859 haec
512 1821 609 1860 saevus
623 1801 761 1871 Drances,
778 1800 928 1877 solumque
942 1800 1039 1858 vocari
1113 1832 1152 1860 ω

284 1896 411 1951 testatur,
426 1881 518 1941 solum
533 1882 612 1960 posci
627 1882 658 1940 in
674 1880 830 1939 certamina
845 1881 990 1941 Turnum.

284 1964 375 2022 multa
388 1962 475 2021 simul
490 1979 591 2022 contra
605 1962 687 2020 variis
702 1961 844 2020 sententia
857 1961 943 2020 dictis

283 2065 334 2122 pro
349 2044 477 2111 Turn03
498 2059 527 2102 et
542 2063 677 2118 magnum
692 2041 805 2116 reginae
819 2061 925 2100 nomen
940 2042 1116 2110 obumbrat3

284 2125 376 2183 multa
389 2124 484 2182 virum
500 2123 609 2182 meritis
623 2139 761 2182 sustentat
776 2123 850 2180 fama
864 2123 993 2200 tropaeis

323 2207 374 2262 hos
388 2203 466 2262 inter
479 2221 584 2276 motus,
598 2203 694 2262 medio
708 2203 739 2261 in
754 2201 890 2280 flagrante
904 2205 1044 2275 tumultu,

282 2305 362 2356 ecce,
376 2304 461 2363 super
475 2285 573 2344 maesti
589 2305 690 2360 magna
702 2283 853 2343 Diomedis
866 2285 903 2343 ab
916 2285 986 2344 urbe

283 2365 368 2442 legati
383 2386 516 2443 responsa
531 2367 649 2424 ferunt:
672 2365 745 2423 nihil
761 2365 895 2424 omnibus
908 2382 1004 2425 actum

282 2461 428 2505 tantorum
443 2446 570 2524 inpensis
583 2465 723 2524 operum3
744 2446 786 2504 nil
801 2447 885 2516 dona,
901 2467 995 2526 neque
1009 2468 1124 2520 aurum,

281 2547 335 2586 nec
351 2547 465 2604 magnas
479 2525 598 2586 valuisse
612 2547 733 2605 preces,
754 2527 810 2586 alia
823 2549 899 2587 arma
912 2529 1025 2587 Latinis

281 2607 453 2701 quaerenda,
469 2623 517 2668 aut
531 2627 631 2687 pacem
648 2607 778 2666 Troiano
792 2609 828 2667 ab
840 2629 906 2685 rege
919 2609 1089 2687 petendum.
1110 2641 1149 2680 ῳ

281 2688 402 2748 deficit
394 2687 504 2764 ingenti
521 2689 602 2747 luctu
618 2709 668 2748 rex
683 2689 743 2767 ipse
758 2689 887 2749 Latinus.

280 2769 396 2828 fatalem
410 2770 530 2828 Aenean
546 2769 699 2828 manifesto
714 2771 836 2829 numine
850 2771 917 2830 ferri

280 2848 439 2908 admonet'
430 2870 472 2908 rra
485 2849 573 2909 deum
588 2851 752 2929 tumulique
767 2867 833 2910 ante
846 2873 895 2909 ora
908 2867 1047 2912 recentes.

280 2949 346 3006 ergo
361 2930 521 2989 concilium
535 2950 672 3025 magnum
687 2932 851 3011 primosque
866 2952 981 2991 suorum

279 3009 401 3087 imperio
415 3011 521 3072 accitos
535 3012 613 3071 alta'
605 3029 680 3071 intra
694 3012 795 3072 limina
809 3013 896 3089 cogit.

279 3089 329 3148 olli
344 3109 516 3164 convenere,
531 3091 686 3172 fluuntque
701 3094 737 3152 ad
751 3094 827 3170 regia
837 3094 935 3188 plenis

278 3185 353 3230 tecta
366 3172 429 3232 viis.
470 3174 572 3232 sedet
564 3195 595 3232 111
610 3174 712 3233 mediis
727 3190 755 3235 et
769 3175 910 3234 maximus
924 3195 994 3233 aevo

278 3267 307 3309 et
321 3251 430 3328 primus
445 3254 573 3330 sceptris,
586 3255 664 3313 haud
679 3255 753 3314 laeta
767 3256 872 3325 fronte,
887 3256 1018 3314 Latinus.

278 3346 363 3408 atque
378 3331 426 3390 hic
442 3333 548 3408 legatos
563 3335 668 3393 Aetola
682 3355 717 3394 ex
733 3335 803 3393 urbe
817 3336 957 3408 remissos,

358 3426 497 3483 214longe.
565 3439 612 3472 220
628 3434 652 3473 et
663 3441 750 3476 saevus.
816 3441 864 3489 230
882 3429 1011 3491 petendam.
