2558 4112
421 351 623 401 GEORGICON
640 351 703 401 LIB.
720 353 760 400 1v

172 500 302 564 pastores
317 498 348 541 et
362 501 449 541 curva
463 483 566 558 legunt
579 501 670 559 prope
685 480 806 541 flumina
821 483 943 545 Mellae.

173 566 260 624 huius
276 564 396 622 odorato
411 562 521 621 radices
538 563 664 641 incoque
680 563 806 635 Baccho,

172 645 339 725 pabulaque
354 644 384 702 in
400 643 509 703 foribus
522 643 618 721 plenis
633 644 748 721 adpone
763 645 903 706 canistris.
1005 665 1045 706 sss

215 726 267 785 sed
281 725 303 784 si
318 745 406 804 quem
420 725 516 803 proles
531 723 626 783 subito
640 725 781 784 defecerit
795 726 890 786 omnis

174 828 241 880 nec,
256 827 346 883 genus
362 807 440 865 unde
455 826 548 865 novae
562 805 658 884 stirpis
672 822 832 879 revocetur,
847 807 987 881 habebit*

174 904 290 966 tempus
306 903 334 946 et
348 887 466 946 Arcadii
481 887 670 946 memoranda
684 887 803 947 inventa
817 888 942 964 magistri

172 969 313 1047 pandere,
329 989 444 1047 quoque
459 968 547 1026 modo
562 967 650 1027 eaesis
665 968 723 1027 iam
738 989 822 1046 saepe
836 968 967 1029 iuvencis

173 1050 335 1109 insincerus
350 1069 417 1127 apes
433 1049 534 1108 tulerit
549 1069 642 1108 cruor.
685 1048 771 1108 altius
784 1069 904 1108 omnem

175 1130 328 1208 expediam
343 1129 435 1207 prima
449 1145 585 1208 repetens
600 1129 634 1188 ab
649 1129 759 1206 origine
774 1130 892 1190 famam.

174 1232 243 1270 narn
259 1231 315 1289 qua
331 1210 440 1269 Pellaei
455 1229 525 1286 gens
539 1211 685 1268 fortunata
700 1210 822 1288 Canopi-

174 1292 281 1351 accolit
296 1292 386 1350 effuso
401 1306 584 1368 stagnantem
598 1289 720 1350 flumine
734 1291 842 1351 Nilum

174 1390 205 1432 et
219 1373 329 1432 circum
343 1372 427 1450 pictis
442 1372 559 1430 vehitur
572 1393 621 1431 sua
636 1393 700 1430 rura
713 1373 848 1450 phaselis,

173 1474 287 1532 quaque
302 1455 483 1531 pharetratae
497 1451 606 1511 vicinia
622 1451 743 1511 Persidis
758 1469 869 1530 urguet,
1006 1483 1046 1524 ⁹90

175 1551 205 1593 et
219 1535 331 1593 diversa
345 1553 431 1592 ruens
445 1549 557 1611 septem
572 1533 705 1592 discurrit
719 1533 751 1592 in
765 1545 816 1594 ora'

174 1636 264 1694 usque
279 1614 412 1673 coloratis
427 1614 520 1673 amnis
536 1615 663 1673 devexus
678 1616 713 1673 ab
728 1616 818 1688 Indis,
907 1645 911 1653 ’

173 1711 204 1754 et
218 1695 342 1754 viridem
356 1696 523 1773 Aegyptum
539 1695 619 1772 nigra
633 1696 772 1755 fecundat
786 1699 905 1769 harena,

173 1777 268 1835 omnis
282 1776 314 1836 in
329 1777 383 1835 hac
399 1791 507 1835 certam
522 1776 600 1852 regio
615 1776 686 1834 iacit
700 1792 760 1835 arte
775 1777 908 1836 salutem.

174 1859 292 1933 exiguus
306 1857 433 1934 primum
448 1871 535 1935 atque
550 1856 626 1934 ipsos
640 1872 807 1916 contractus
820 1857 851 1915 in
866 1878 932 1917 usus

175 1939 291 2014 eligitur
306 1939 405 2006 locus3
425 1940 505 1996 hunc
522 1937 692 2016 angustique
706 1937 826 1996 imbrice
842 1939 912 1998 tecti

173 2019 389 2098 parietibusque
403 2034 542 2097 premunt
557 2018 623 2078 artis
639 2033 668 2076 et
683 2035 819 2096 quattuor
833 2019 955 2093 addunt,

175 2116 312 2179 quattuor
327 2121 343 2158 a
357 2100 452 2158 ventis
468 2099 586 2178 obliqua
599 2100 666 2158 luce
681 2100 830 2160 fenestras.

175 2197 238 2240 tum
252 2181 361 2240 vitulus
375 2181 454 2240 bima
469 2201 590 2239 curvans
606 2180 664 2239 iam
678 2201 787 2239 cornua
802 2181 899 2240 fronte

175 2261 340 2340 quaeritur3
361 2260 430 2321 huic
445 2262 578 2338 geminae
593 2281 675 2319 nares
691 2275 720 2319 et
734 2260 847 2337 spiritus
861 2261 917 2320 oris
1004 2290 1044 2329 300

174 2343 267 2401 multa
281 2342 436 2401 reluctanti
452 2341 617 2414 obstruitur,
633 2341 781 2419 plagisque
795 2356 948 2419 perempto

175 2439 259 2482 tunsa
273 2444 326 2500 per
339 2423 482 2500 integram
497 2424 649 2481 solvuntur
663 2423 770 2481 viscera
783 2421 903 2498 pellem.

174 2505 214 2562 sic
230 2505 356 2582 positum
370 2504 401 2561 in
417 2505 515 2563 clauso
531 2503 670 2581 linquunt
685 2518 715 2562 et
729 2522 823 2561 ramea
838 2501 922 2561 costis

174 2585 323 2644 subiciunt
338 2586 509 2660 fragmenta,
525 2587 659 2677 thymum
674 2583 819 2662 casiasque
833 2597 973 2642 recentes.

175 2666 230 2724 hoc
245 2665 354 2740 geritur
368 2665 510 2743 Zephyris
526 2685 651 2742 primum
666 2664 876 2744 inpellentibus
892 2664 992 2738 undas,

175 2763 241 2804 ante
256 2746 337 2804 novis
353 2747 476 2805 rubeant
490 2766 577 2824 quam
593 2761 674 2825 prata
688 2745 841 2818 coloribus,
857 2759 925 2803 ante

174 2827 287 2902 garrula
301 2847 389 2905 quam
403 2826 489 2904 tignis
503 2827 605 2885 nidum
621 2827 776 2904 suspendat
790 2825 926 2884 hirundo.

175 2907 287 2964 interea
301 2907 408 2966 teneris
424 2907 585 2985 tepefactus
600 2908 631 2966 in
646 2907 755 2966 ossibus
771 2927 853 2965 umor

175 3002 296 3060 aestuat,
312 3004 341 3046 et
355 2987 475 3047 visenda
489 2988 582 3047 modis
597 2988 733 3047 animalia
747 2986 836 3059 miris,

175 3082 277 3126 trunca
291 3069 401 3146 pedum
415 3069 508 3147 primo
523 3089 590 3127 mox
605 3085 635 3128 et
649 3068 799 3127 stridentia
812 3067 920 3146 pinnis,
1005 3096 1044 3137 310

175 3148 345 3222 miscentur,
362 3164 539 3228 tenuemque
554 3149 646 3226 magis·
657 3149 744 3226 magis
759 3158 821 3207 aera
837 3164 970 3228 carpunt,

176 3229 282 3300 donec,
296 3245 329 3289 ut
343 3230 458 3289 aestivis
473 3231 578 3290 effusus
594 3230 719 3288 nubibus
733 3229 835 3303 imber,

154 3335 202 3383 280
219 3353 314 3400 expone.
349 3339 396 3387 282
413 3338 514 3387 habebis.
548 3352 621 3401 291·3
638 3339 708 3384 lorum
718 3355 817 3386 versuum
827 3337 877 3387 ordo
887 3339 975 3384 incertus
984 3348 1021 3385 err.

399 3417 443 3466 301
463 3404 573 3453 obruitur.
610 3417 654 3466 311
673 3411 773 3465 captant.
