2558 4112
259 317 304 365 162
530 315 558 364 P.
575 313 718 364 VERGILI
735 315 896 364 MARONIS

298 446 369 524 quin
384 445 480 522 potius
494 464 598 524 pacem
613 458 759 503 aeternam
772 460 928 523 pactosque
942 447 1120 522 hymenaeos

300 528 489 584 exercemus?
510 524 608 597 habes,
625 539 685 582 tota
699 524 778 603 quod
792 541 898 584 mente·
906 525 1005 602 petisti
1019 548 1027 584 ι
1126 556 1164 586 ιω

299 607 379 664 ardet
394 625 491 664 amans
506 605 586 664 Dido
601 605 745 684 traxitque
759 625 811 684 per
821 626 882 665 ossa
896 605 1033 665 furorem.

299 705 486 746 communem
500 686 580 744 hunc
596 705 663 761 ergo
677 686 820 764 populum
834 685 1007 764 paribusque
1021 706 1151 764 regamus

299 767 430 844 auspiciis
443 791 452 838 3
474 765 561 824 liceat
576 765 701 842 Phrygio
715 766 821 824 servire
834 767 947 836 marito,

299 848 468 925 dotalesque
482 860 550 906 tuae
566 845 671 924 Tyrios
684 846 852 925 permittere
865 847 1003 906 dextrae.'

339 926 522 986 olli-sensit
537 925 616 984 enim
631 926 762 986 simulata
776 942 876 986 mente
891 927 1027 1004 locutam,

299 1030 357 1086 quo
371 1029 493 1084 regnum
507 1007 611 1066 Italiae
625 1007 749 1084 Libycas
763 1023 903 1067 averteret
916 1029 1020 1067 oras-

299 1091 339 1148 sic
354 1103 456 1148 contra
471 1105 512 1148 est
526 1087 650 1163 ingressa
664 1086 788 1147 Venus:
811 1089 891 1167 ‘quis
907 1089 974 1147 talia
987 1089 1108 1149 demens

300 1171 415 1262 abnuat,
430 1184 481 1228 aut
495 1184 593 1229 tecum
608 1168 690 1228 malit
705 1169 884 1229 contendere
898 1169 994 1242 bello,

300 1271 322 1308 ιι
313 1251 434 1320 modo,
448 1249 527 1328 quod
541 1269 689 1321 memoras,
706 1249 816 1308 factum
830 1249 945 1308 fortuna
959 1255 1118 1328 sequatur?

300 1331 349 1388 sed
364 1329 450 1389 fatis
443 1345 554 1388 incerta
568 1329 689 1416 feror,'
668 1351 691 1388 s1
706 1330 838 1408 Iuppiter
852 1350 940 1390 unam
1125 1359 1161 1388 110

301 1431 360 1468 esse
374 1410 446 1468 velit
462 1410 559 1486 Tyriis
575 1399 676 1470 urbem
692 1411 840 1491 Troiaque
854 1410 1000 1489 profectis,

300 1490 449 1550 miscerive
462 1492 567 1568 probet
580 1490 713 1568 populos,
728 1507 777 1549 aut
791 1491 930 1550 foedera'
921 1491 1012 1567 rungi.

301 1587 332 1630 tu
347 1569 499 1642 coniunx3
521 1570 573 1629 tibi
588 1571 630 1629 fas
644 1571 775 1630 animum
790 1586 930 1650 temptare
943 1573 1099 1650 precando.

301 1671 409 1730 perge;
429 1651 551 1744 sequar!
592 1665 655 1709 tum
669 1651 709 1710 sic
726 1652 840 1731 excepit
854 1652 930 1744 regia
943 1653 1041 1712 Iuno:

282 1740 417 1790 ‘mecum
429 1732 483 1791 erit
492 1732 547 1791 iste
561 1732 650 1791 labor.
687 1752 765 1790 nunc
777 1753 833 1812 qua
842 1733 964 1804 ratione,
973 1718 1072 1811 quod
1064 1746 1160 1802 instat,

302 1812 419 1872 confieri
433 1811 531 1891 possit,
544 1812 653 1891 paucis,
668 1813 794 1886 adverte,
810 1813 931 1872 docebo.

300 1909 438 1952 venatum
451 1896 566 1953 Aeneas
581 1913 697 1972 unaque
712 1894 869 1954 miserrima
882 1893 962 1954 Dido

301 1975 332 2031 in
347 1994 448 2033 nemus
464 1974 505 2032 ire
518 1989 631 2052 parant,
647 1974 696 2033 ubi
710 1975 817 2052 primos
832 1975 971 2034 crastinus
985 1991 1061 2033 ortus

302 2053 438 2113 extulerit
452 2053 545 2112 Titan
559 2054 703 2134 radiisque
718 2055 855 2114 retexerit
868 2057 977 2117 orbern.

301 2134 344 2193 his
359 2153 411 2210 ego
426 2133 590 2210 nigrantem
604 2136 762 2195 commixta
776 2136 915 2212 grandine
930 2136 1074 2206 nimbum,
1126 2164 1164 2192 m

301 2216 370 2273 dum
386 2215 532 2293 trepidant
546 2216 618 2288 alae,
633 2217 777 2294 saltusque
792 2216 928 2293 indagine
942 2215 1072 2293 cingunt,

300 2296 424 2374 desuper
437 2295 602 2370 infundam,
618 2311 647 2356 et
662 2297 771 2356 tonitru
786 2298 900 2356 caelum
914 2317 1000 2356 omne
1015 2295 1109 2356 ciebo.

300 2376 453 2452 diffugient
467 2377 597 2450 comites,
613 2391 643 2436 et
657 2392 744 2436 nocte
759 2393 893 2453 tegentur
906 2398 1015 2456 opaca:

300 2458 469 2534 speluncam
483 2457 563 2517 Dido
577 2457 636 2516 dux
652 2473 681 2517 et
696 2457 841 2516 Troianus
857 2457 979 2517 eandem

300 2537 468 2597 devenient.
510 2539 605 2610 adero,
621 2553 661 2608 et,
675 2554 724 2597 tua
739 2538 762 2596 si
777 2539 849 2598 mihi
864 2554 941 2598 certa
956 2538 1098 2610 voluntas,

300 2618 448 2677 conubio'
440 2638 557 2694 rungam
572 2619 665 2677 stabili
679 2619 883 2698 propriamque
896 2618 1009 2678 dicabo.

300 2697 348 2757 hic
363 2700 541 2775 hymenaeus
556 2698 629 2758 erit!
672 2719 732 2758 non
748 2699 893 2760 adversata
905 2699 1019 2778 petenti

301 2779 411 2850 adnuit,
425 2794 510 2858 atque
524 2779 634 2837 dolis
612 2779 672 2838 nsit
688 2780 834 2857 Cytherea
848 2779 976 2859 repertis.

341 2859 517 2918 Oceanum'
509 2875 620 2919 interea
634 2880 752 2936 surgens
765 2863 876 2920 Aurora
891 2860 1018 2938 reliquit.

299 2939 323 2995 it
336 2939 425 3030 portis
438 2940 537 2999 iubare
553 2957 653 3000 exorto
667 2941 1171 3008 delectaiuveutus·130

300 3018 372 3076 retia
386 3040 456 3092 rara,
469 3021 580 3099 plagae,
596 3021 656 3080 lato
670 3022 813 3084 venabula
828 3023 911 3094 ferro,

301 3098 479 3190 Massylique
494 3117 583 3161 ruunt
598 3102 719 3181 equites,
734 3119 764 3162 et
778 3103 865 3161 odora
879 3121 986 3162 canum
999 3101 1054 3159 vis.

299 3178 429 3252 reginam
443 3182 571 3242 thalamo
585 3198 775 3242 cunctantem
790 3182 825 3240 ad
839 3183 942 3241 limina
954 3179 1039 3260 primi

301 3257 465 3318 Poenorum
479 3278 658 3341 exspectant,
673 3278 808 3340 ostroque
822 3263 942 3339 insignis
956 3277 986 3322 et
999 3279 1070 3320 auro

533 3355 576 3404 118
595 3356 690 3416 primus.
727 3369 771 3417 127
790 3363 898 3406 avusata.
