<?xml version="1.0" encoding="UTF-8"?>
<!DOCTYPE html PUBLIC "-//W3C//DTD XHTML 1.0 Transitional//EN"
    "http://www.w3.org/TR/xhtml1/DTD/xhtml1-transitional.dtd">
<html xmlns="http://www.w3.org/1999/xhtml" xml:lang="en" lang="en">
 <head>
  <title>
</title>
<meta http-equiv="Content-Type" content="text/html;charset=utf-8" />
  <meta name='ocr-system' content='tesseract 3.04.00' />
  <meta name='ocr-capabilities' content='ocr_page ocr_carea ocr_par ocr_line ocrx_word'/>
</head>
<body>
  <div class='ocr_page' id='page_1' title='image "./bucolicageorgic05virggoog/bucolicageorgic05virggoog_0200.png"; bbox 0 0 2558 4112; ppageno 0'>
   <div class='ocr_carea' id='block_1_1' title="bbox 431 347 738 400">
    <p class='ocr_par' dir='ltr' id='par_1_1' title="bbox 431 347 738 400">
     <span class='ocr_line' id='line_1_1' title="bbox 431 347 738 400; baseline 0.007 -4"><span class='ocrx_word' id='word_1_1' title='bbox 431 347 599 398; x_wconf 86' lang='lat' dir='ltr'><strong>AENEIDOS</strong></span> <span class='ocrx_word' id='word_1_2' title='bbox 617 350 680 400; x_wconf 90' lang='lat' dir='ltr'><strong>LIB.</strong></span> <span class='ocrx_word' id='word_1_3' title='bbox 697 351 738 398; x_wconf 73' lang='lat' dir='ltr'>lv</span> 
     </span>
    </p>
   </div>
   <div class='ocr_carea' id='block_1_2' title="bbox 167 477 1039 3388">
    <p class='ocr_par' dir='ltr' id='par_1_2' title="bbox 167 477 1039 3388">
     <span class='ocr_line' id='line_1_2' title="bbox 168 477 926 559; baseline 0.004 -21"><span class='ocrx_word' id='word_1_4' title='bbox 168 478 275 557; x_wconf 89' lang='lat' dir='ltr'>inpius,</span> <span class='ocrx_word' id='word_1_5' title='bbox 292 477 465 556; x_wconf 78' lang='lat' dir='ltr'>exuviasque</span> <span class='ocrx_word' id='word_1_6' title='bbox 481 499 590 552; x_wconf 88' lang='lat' dir='ltr'>omnes,</span> <span class='ocrx_word' id='word_1_7' title='bbox 606 479 776 559; x_wconf 90' lang='lat' dir='ltr'>lectumque</span> <span class='ocrx_word' id='word_1_8' title='bbox 790 480 926 557; x_wconf 88' lang='lat' dir='ltr'>iugalem,</span> 
     </span>
     <span class='ocr_line' id='line_1_3' title="bbox 170 559 861 639; baseline 0.003 -21"><span class='ocrx_word' id='word_1_9' title='bbox 170 581 228 639; x_wconf 91' lang='lat' dir='ltr'>quo</span> <span class='ocrx_word' id='word_1_10' title='bbox 242 559 325 638; x_wconf 90' lang='lat' dir='ltr'>perii,</span> <span class='ocrx_word' id='word_1_11' title='bbox 341 559 588 638; x_wconf 84' lang='lat' dir='ltr'>superinponant:</span> <span class='ocrx_word' id='word_1_12' title='bbox 610 561 726 620; x_wconf 88' lang='lat' dir='ltr'>abolere</span> <span class='ocrx_word' id='word_1_13' title='bbox 740 563 861 620; x_wconf 85' lang='lat' dir='ltr'><strong>nefandi</strong></span> 
     </span>
     <span class='ocr_line' id='line_1_4' title="bbox 169 640 1016 721; baseline 0.006 -21"><span class='ocrx_word' id='word_1_14' title='bbox 169 656 276 701; x_wconf 89' lang='lat' dir='ltr'>cuncta</span> <span class='ocrx_word' id='word_1_15' title='bbox 290 640 344 698; x_wconf 88' lang='lat' dir='ltr'>viri</span> <span class='ocrx_word' id='word_1_16' title='bbox 359 640 540 699; x_wconf 88' lang='lat' dir='ltr'>monimenta</span> <span class='ocrx_word' id='word_1_17' title='bbox 554 641 637 700; x_wconf 92' lang='lat' dir='ltr'>iubet</span> <span class='ocrx_word' id='word_1_18' title='bbox 651 658 851 721; x_wconf 85' lang='lat' dir='ltr'>monstratque</span> <span class='ocrx_word' id='word_1_19' title='bbox 865 645 1016 705; x_wconf 66' lang='lat' dir='ltr'>sacerdos!</span> 
     </span>
     <span class='ocr_line' id='line_1_5' title="bbox 168 703 874 802; baseline 0.003 -22"><span class='ocrx_word' id='word_1_20' title='bbox 168 724 241 780; x_wconf 90' lang='lat' dir='ltr'>haec</span> <span class='ocrx_word' id='word_1_21' title='bbox 259 703 344 779; x_wconf 71' lang='lat' dir='ltr'>effata</span> <span class='ocrx_word' id='word_1_22' title='bbox 359 720 446 792; x_wconf 83' lang='lat' dir='ltr'>silet3</span> <span class='ocrx_word' id='word_1_23' title='bbox 468 723 562 799; x_wconf 91' lang='lat' dir='ltr'>pallor</span> <span class='ocrx_word' id='word_1_24' title='bbox 576 721 661 780; x_wconf 92' lang='lat' dir='ltr'>simul</span> <span class='ocrx_word' id='word_1_25' title='bbox 677 741 801 802; x_wconf 89' lang='lat' dir='ltr'>occupat</span> <span class='ocrx_word' id='word_1_26' title='bbox 813 745 874 784; x_wconf 89' lang='lat' dir='ltr'>ora.</span> 
     </span>
     <span class='ocr_line' id='line_1_6' title="bbox 168 765 1039 880; baseline 0.008 -20"><span class='ocrx_word' id='word_1_27' title='bbox 168 823 230 860; x_wconf 91' lang='lat' dir='ltr'>non</span> <span class='ocrx_word' id='word_1_28' title='bbox 246 817 345 861; x_wconf 88' lang='lat' dir='ltr'>tamen</span> <span class='ocrx_word' id='word_1_29' title='bbox 358 765 446 860; x_wconf 76' lang='lat' dir='ltr'>Annei</span> <span class='ocrx_word' id='word_1_30' title='bbox 461 801 543 860; x_wconf 89' lang='lat' dir='ltr'>novis</span> <span class='ocrx_word' id='word_1_31' title='bbox 558 818 727 880; x_wconf 80' lang='lat' dir='ltr'>praetexere</span> <span class='ocrx_word' id='word_1_32' title='bbox 741 805 844 863; x_wconf 88' lang='lat' dir='ltr'>funera</span> <span class='ocrx_word' id='word_1_33' title='bbox 858 806 943 864; x_wconf 87' lang='lat' dir='ltr'>sacris</span> <span class='ocrx_word' id='word_1_34' title='bbox 1001 837 1039 874; x_wconf 82' lang='lat'>500</span> 
     </span>
     <span class='ocr_line' id='line_1_7' title="bbox 168 882 874 976; baseline 0.004 -35"><span class='ocrx_word' id='word_1_35' title='bbox 168 902 337 976; x_wconf 84' lang='lat' dir='ltr'>germanam</span> <span class='ocrx_word' id='word_1_36' title='bbox 351 882 453 956; x_wconf 88' lang='lat' dir='ltr'>credit,</span> <span class='ocrx_word' id='word_1_37' title='bbox 469 903 524 941; x_wconf 91' lang='lat' dir='ltr'>nec</span> <span class='ocrx_word' id='word_1_38' title='bbox 540 899 635 942; x_wconf 90' lang='lat' dir='ltr'>tantos</span> <span class='ocrx_word' id='word_1_39' title='bbox 649 901 749 944; x_wconf 89' lang='lat' dir='ltr'>mente</span> <span class='ocrx_word' id='word_1_40' title='bbox 764 886 874 944; x_wconf 89' lang='lat' dir='ltr'>furores</span> 
     </span>
     <span class='ocr_line' id='line_1_8' title="bbox 168 962 974 1044; baseline 0.004 -21"><span class='ocrx_word' id='word_1_41' title='bbox 168 962 307 1042; x_wconf 89' lang='lat' dir='ltr'>concipit,</span> <span class='ocrx_word' id='word_1_42' title='bbox 323 979 373 1022; x_wconf 90' lang='lat' dir='ltr'>aut</span> <span class='ocrx_word' id='word_1_43' title='bbox 386 964 515 1040; x_wconf 89' lang='lat' dir='ltr'>graviora</span> <span class='ocrx_word' id='word_1_44' title='bbox 531 964 616 1022; x_wconf 91' lang='lat' dir='ltr'>timet</span> <span class='ocrx_word' id='word_1_45' title='bbox 630 985 717 1044; x_wconf 90' lang='lat' dir='ltr'>quarn</span> <span class='ocrx_word' id='word_1_46' title='bbox 732 980 825 1025; x_wconf 89' lang='lat' dir='ltr'>morte</span> <span class='ocrx_word' id='word_1_47' title='bbox 841 967 974 1044; x_wconf 84' lang='lat' dir='ltr'>Sychaei.</span> 
     </span>
     <span class='ocr_line' id='line_1_9' title="bbox 170 1044 430 1122; baseline 0.004 -20"><span class='ocrx_word' id='word_1_48' title='bbox 170 1065 237 1122; x_wconf 92' lang='lat' dir='ltr'>ergo</span> <span class='ocrx_word' id='word_1_49' title='bbox 251 1044 325 1102; x_wconf 90' lang='lat' dir='ltr'>iussa</span> <span class='ocrx_word' id='word_1_50' title='bbox 339 1059 430 1122; x_wconf 89' lang='lat' dir='ltr'>parat.</span> 
     </span>
     <span class='ocr_line' id='line_1_10' title="bbox 210 1125 897 1219; baseline 0.003 -35"><span class='ocrx_word' id='word_1_51' title='bbox 210 1141 239 1184; x_wconf 93' lang='lat' dir='ltr'>at</span> <span class='ocrx_word' id='word_1_52' title='bbox 253 1125 360 1219; x_wconf 87' lang='lat' dir='ltr'>regina,</span> <span class='ocrx_word' id='word_1_53' title='bbox 376 1147 446 1203; x_wconf 85' lang='lat' dir='ltr'>pyra</span> <span class='ocrx_word' id='word_1_54' title='bbox 459 1126 627 1204; x_wconf 89' lang='lat' dir='ltr'>penetrali</span> <span class='ocrx_word' id='word_1_55' title='bbox 619 1147 650 1185; x_wconf 94' lang='grc' dir='ltr'>ιιι</span> <span class='ocrx_word' id='word_1_56' title='bbox 665 1128 733 1186; x_wconf 88' lang='lat' dir='ltr'>sede</span> <span class='ocrx_word' id='word_1_57' title='bbox 748 1129 800 1186; x_wconf 92' lang='lat' dir='ltr'>sub</span> <span class='ocrx_word' id='word_1_58' title='bbox 815 1148 897 1186; x_wconf 89' lang='lat' dir='ltr'>auras</span> 
     </span>
     <span class='ocr_line' id='line_1_11' title="bbox 171 1207 797 1288; baseline 0 -22"><span class='ocrx_word' id='word_1_59' title='bbox 171 1222 275 1279; x_wconf 90' lang='lat' dir='ltr'>erecta,</span> <span class='ocrx_word' id='word_1_60' title='bbox 291 1207 403 1288; x_wconf 73' lang='lat' dir='ltr'>ingentq</span> <span class='ocrx_word' id='word_1_61' title='bbox 420 1207 510 1265; x_wconf 89' lang='lat' dir='ltr'>taedis</span> <span class='ocrx_word' id='word_1_62' title='bbox 525 1223 612 1286; x_wconf 88' lang='lat' dir='ltr'>atque</span> <span class='ocrx_word' id='word_1_63' title='bbox 626 1207 695 1266; x_wconf 89' lang='lat' dir='ltr'>ilice</span> <span class='ocrx_word' id='word_1_64' title='bbox 710 1224 797 1281; x_wconf 85' lang='lat' dir='ltr'>secta,</span> 
     </span>
     <span class='ocr_line' id='line_1_12' title="bbox 168 1287 874 1367; baseline 0.003 -21"><span class='ocrx_word' id='word_1_65' title='bbox 168 1287 356 1367; x_wconf 85' lang='lat' dir='ltr'>intenditque</span> <span class='ocrx_word' id='word_1_66' title='bbox 371 1288 470 1346; x_wconf 90' lang='lat' dir='ltr'>locum</span> <span class='ocrx_word' id='word_1_67' title='bbox 485 1287 575 1360; x_wconf 86' lang='lat' dir='ltr'>sertis,</span> <span class='ocrx_word' id='word_1_68' title='bbox 592 1303 622 1346; x_wconf 94' lang='lat' dir='ltr'>et</span> <span class='ocrx_word' id='word_1_69' title='bbox 635 1289 740 1347; x_wconf 87' lang='lat' dir='ltr'>fronde</span> <span class='ocrx_word' id='word_1_70' title='bbox 755 1306 874 1348; x_wconf 91' lang='lat' dir='ltr'>coronat</span> 
     </span>
     <span class='ocr_line' id='line_1_13' title="bbox 169 1368 866 1461; baseline 0.003 -35"><span class='ocrx_word' id='word_1_71' title='bbox 169 1369 306 1440; x_wconf 82' lang='lat' dir='ltr'>funerea3</span> <span class='ocrx_word' id='word_1_72' title='bbox 327 1389 415 1446; x_wconf 90' lang='lat' dir='ltr'>super</span> <span class='ocrx_word' id='word_1_73' title='bbox 429 1368 544 1427; x_wconf 86' lang='lat' dir='ltr'>exuvias</span> <span class='ocrx_word' id='word_1_74' title='bbox 560 1389 717 1461; x_wconf 87' lang='lat' dir='ltr'>ensemque</span> <span class='ocrx_word' id='word_1_75' title='bbox 732 1370 866 1428; x_wconf 89' lang='lat' dir='ltr'>relictum</span> 
     </span>
     <span class='ocr_line' id='line_1_14' title="bbox 170 1449 851 1528; baseline 0.004 -22"><span class='ocrx_word' id='word_1_76' title='bbox 170 1449 350 1528; x_wconf 87' lang='lat' dir='ltr'>effigiemque</span> <span class='ocrx_word' id='word_1_77' title='bbox 365 1465 428 1508; x_wconf 93' lang='lat' dir='ltr'>toro</span> <span class='ocrx_word' id='word_1_78' title='bbox 443 1450 529 1521; x_wconf 90' lang='lat' dir='ltr'>locat,</span> <span class='ocrx_word' id='word_1_79' title='bbox 545 1449 646 1507; x_wconf 90' lang='lat' dir='ltr'>haud</span> <span class='ocrx_word' id='word_1_80' title='bbox 638 1470 736 1526; x_wconf 79' lang='lat' dir='ltr'>ignara</span> <span class='ocrx_word' id='word_1_81' title='bbox 751 1450 851 1510; x_wconf 89' lang='lat' dir='ltr'>futuri.</span> 
     </span>
     <span class='ocr_line' id='line_1_15' title="bbox 169 1530 863 1602; baseline 0.003 -14"><span class='ocrx_word' id='word_1_82' title='bbox 169 1545 245 1588; x_wconf 92' lang='lat' dir='ltr'>stant</span> <span class='ocrx_word' id='word_1_83' title='bbox 260 1551 324 1590; x_wconf 88' lang='lat' dir='ltr'>arae</span> <span class='ocrx_word' id='word_1_84' title='bbox 339 1530 458 1602; x_wconf 86' lang='lat' dir='ltr'>circum,</span> <span class='ocrx_word' id='word_1_85' title='bbox 476 1546 505 1589; x_wconf 91' lang='lat' dir='ltr'>et</span> <span class='ocrx_word' id='word_1_86' title='bbox 519 1530 615 1589; x_wconf 89' lang='lat' dir='ltr'>crines</span> <span class='ocrx_word' id='word_1_87' title='bbox 630 1531 718 1589; x_wconf 87' lang='lat' dir='ltr'>effusa</span> <span class='ocrx_word' id='word_1_88' title='bbox 733 1532 863 1590; x_wconf 83' lang='lat' dir='ltr'>sacerdos</span> 
     </span>
     <span class='ocr_line' id='line_1_16' title="bbox 169 1612 1038 1705; baseline 0.002 -36"><span class='ocrx_word' id='word_1_89' title='bbox 169 1626 347 1670; x_wconf 88' lang='lat' dir='ltr'>tercentum</span> <span class='ocrx_word' id='word_1_90' title='bbox 363 1627 446 1673; x_wconf 90' lang='lat' dir='ltr'>tonat</span> <span class='ocrx_word' id='word_1_91' title='bbox 460 1633 510 1670; x_wconf 91' lang='lat' dir='ltr'>ore</span> <span class='ocrx_word' id='word_1_92' title='bbox 526 1612 605 1685; x_wconf 88' lang='lat' dir='ltr'>deos,</span> <span class='ocrx_word' id='word_1_93' title='bbox 621 1612 808 1705; x_wconf 83' lang='lat' dir='ltr'>Erebumque</span> <span class='ocrx_word' id='word_1_94' title='bbox 824 1612 980 1692; x_wconf 81' lang='lat' dir='ltr'>Chaosque</span> <span class='ocrx_word' id='word_1_95' title='bbox 1000 1642 1038 1680; x_wconf 87' lang='lat'>510</span> 
     </span>
     <span class='ocr_line' id='line_1_17' title="bbox 170 1692 986 1772; baseline 0.002 -22"><span class='ocrx_word' id='word_1_96' title='bbox 170 1692 417 1772; x_wconf 85' lang='lat' dir='ltr'>tergeminamque</span> <span class='ocrx_word' id='word_1_97' title='bbox 433 1693 581 1765; x_wconf 89' lang='lat' dir='ltr'>Hecaten,</span> <span class='ocrx_word' id='word_1_98' title='bbox 597 1693 650 1750; x_wconf 88' lang='lat' dir='ltr'>tria</span> <span class='ocrx_word' id='word_1_99' title='bbox 664 1692 783 1768; x_wconf 90' lang='lat' dir='ltr'>virginis</span> <span class='ocrx_word' id='word_1_100' title='bbox 797 1714 846 1751; x_wconf 90' lang='lat' dir='ltr'>ora</span> <span class='ocrx_word' id='word_1_101' title='bbox 861 1693 986 1752; x_wconf 89' lang='lat' dir='ltr'>Dianae.</span> 
     </span>
     <span class='ocr_line' id='line_1_18' title="bbox 169 1773 874 1851; baseline -0.001 -20"><span class='ocrx_word' id='word_1_102' title='bbox 169 1787 306 1851; x_wconf 83' lang='lat' dir='ltr'>sparserat</span> <span class='ocrx_word' id='word_1_103' title='bbox 321 1788 351 1832; x_wconf 90' lang='lat' dir='ltr'>et</span> <span class='ocrx_word' id='word_1_104' title='bbox 365 1774 465 1832; x_wconf 90' lang='lat' dir='ltr'>latices</span> <span class='ocrx_word' id='word_1_105' title='bbox 479 1774 628 1833; x_wconf 87' lang='lat' dir='ltr'>simulatos</span> <span class='ocrx_word' id='word_1_106' title='bbox 642 1773 732 1831; x_wconf 89' lang='lat' dir='ltr'>fontis</span> <span class='ocrx_word' id='word_1_107' title='bbox 745 1773 874 1844; x_wconf 82' lang='lat' dir='ltr'>Averni3</span> 
     </span>
     <span class='ocr_line' id='line_1_19' title="bbox 169 1853 914 1931; baseline -0.001 -19"><span class='ocrx_word' id='word_1_108' title='bbox 169 1854 291 1913; x_wconf 88' lang='lat' dir='ltr'>falcibus</span> <span class='ocrx_word' id='word_1_109' title='bbox 306 1870 336 1913; x_wconf 91' lang='lat' dir='ltr'>et</span> <span class='ocrx_word' id='word_1_110' title='bbox 350 1875 458 1914; x_wconf 86' lang='lat' dir='ltr'>messae</span> <span class='ocrx_word' id='word_1_111' title='bbox 473 1855 510 1912; x_wconf 89' lang='lat' dir='ltr'>ad</span> <span class='ocrx_word' id='word_1_112' title='bbox 525 1856 627 1912; x_wconf 91' lang='lat' dir='ltr'>lunam</span> <span class='ocrx_word' id='word_1_113' title='bbox 642 1868 822 1931; x_wconf 89' lang='lat' dir='ltr'>quaeruntur</span> <span class='ocrx_word' id='word_1_114' title='bbox 837 1853 914 1912; x_wconf 82' lang='lat' dir='ltr'>ae&#39;nis</span> 
     </span>
     <span class='ocr_line' id='line_1_20' title="bbox 169 1933 845 2013; baseline -0.004 -19"><span class='ocrx_word' id='word_1_115' title='bbox 169 1936 312 2013; x_wconf 87' lang='lat' dir='ltr'>pubentes</span> <span class='ocrx_word' id='word_1_116' title='bbox 326 1937 435 1994; x_wconf 87' lang='lat' dir='ltr'>herbae</span> <span class='ocrx_word' id='word_1_117' title='bbox 450 1935 525 2010; x_wconf 86' lang='lat' dir='ltr'>nigri</span> <span class='ocrx_word' id='word_1_118' title='bbox 541 1953 609 1993; x_wconf 88' lang='lat' dir='ltr'>curn</span> <span class='ocrx_word' id='word_1_119' title='bbox 624 1933 701 1993; x_wconf 89' lang='lat' dir='ltr'>lacte</span> <span class='ocrx_word' id='word_1_120' title='bbox 716 1934 845 2005; x_wconf 83' lang='lat' dir='ltr'>veneni3</span> 
     </span>
     <span class='ocr_line' id='line_1_21' title="bbox 169 2014 908 2094; baseline 0.001 -20"><span class='ocrx_word' id='word_1_121' title='bbox 169 2015 315 2094; x_wconf 90' lang='lat' dir='ltr'>quaeritur</span> <span class='ocrx_word' id='word_1_122' title='bbox 330 2031 359 2074; x_wconf 92' lang='lat' dir='ltr'>et</span> <span class='ocrx_word' id='word_1_123' title='bbox 373 2015 517 2074; x_wconf 88' lang='lat' dir='ltr'>nascentis</span> <span class='ocrx_word' id='word_1_124' title='bbox 534 2014 600 2093; x_wconf 91' lang='lat' dir='ltr'>equi</span> <span class='ocrx_word' id='word_1_125' title='bbox 616 2015 653 2073; x_wconf 91' lang='lat' dir='ltr'>de</span> <span class='ocrx_word' id='word_1_126' title='bbox 668 2015 764 2074; x_wconf 87' lang='lat' dir='ltr'>fronte</span> <span class='ocrx_word' id='word_1_127' title='bbox 778 2016 908 2075; x_wconf 87' lang='lat' dir='ltr'>revulsus</span> 
     </span>
     <span class='ocr_line' id='line_1_22' title="bbox 169 2096 581 2173; baseline 0 -19"><span class='ocrx_word' id='word_1_128' title='bbox 169 2111 198 2154; x_wconf 92' lang='lat' dir='ltr'>et</span> <span class='ocrx_word' id='word_1_129' title='bbox 212 2096 297 2155; x_wconf 89' lang='lat' dir='ltr'>matri</span> <span class='ocrx_word' id='word_1_130' title='bbox 311 2110 478 2173; x_wconf 89' lang='lat' dir='ltr'>praereptus</span> <span class='ocrx_word' id='word_1_131' title='bbox 493 2115 581 2154; x_wconf 86' lang='lat' dir='ltr'>amor.</span> 
     </span>
     <span class='ocr_line' id='line_1_23' title="bbox 167 2175 811 2255; baseline 0.002 -20"><span class='ocrx_word' id='word_1_132' title='bbox 167 2177 228 2255; x_wconf 90' lang='lat' dir='ltr'>ipsa</span> <span class='ocrx_word' id='word_1_133' title='bbox 243 2175 319 2234; x_wconf 89' lang='lat' dir='ltr'>mola</span> <span class='ocrx_word' id='word_1_134' title='bbox 335 2176 525 2253; x_wconf 87' lang='lat' dir='ltr'>manibusque</span> <span class='ocrx_word' id='word_1_135' title='bbox 539 2175 595 2254; x_wconf 88' lang='lat' dir='ltr'>piis</span> <span class='ocrx_word' id='word_1_136' title='bbox 608 2177 707 2235; x_wconf 90' lang='lat' dir='ltr'>altaria</span> <span class='ocrx_word' id='word_1_137' title='bbox 721 2177 811 2250; x_wconf 86' lang='lat' dir='ltr'>iuxta,</span> 
     </span>
     <span class='ocr_line' id='line_1_24' title="bbox 167 2255 904 2334; baseline -0.001 -17"><span class='ocrx_word' id='word_1_138' title='bbox 167 2277 261 2317; x_wconf 89' lang='lat' dir='ltr'>unum</span> <span class='ocrx_word' id='word_1_139' title='bbox 276 2271 362 2316; x_wconf 82' lang='lat' dir='ltr'>exuta</span> <span class='ocrx_word' id='word_1_140' title='bbox 375 2257 482 2334; x_wconf 87' lang='lat' dir='ltr'>pedem</span> <span class='ocrx_word' id='word_1_141' title='bbox 497 2255 611 2328; x_wconf 90' lang='lat' dir='ltr'>vinclis,</span> <span class='ocrx_word' id='word_1_142' title='bbox 626 2257 658 2314; x_wconf 93' lang='lat' dir='ltr'>in</span> <span class='ocrx_word' id='word_1_143' title='bbox 672 2272 752 2316; x_wconf 89' lang='lat' dir='ltr'>veste</span> <span class='ocrx_word' id='word_1_144' title='bbox 766 2259 904 2331; x_wconf 86' lang='lat' dir='ltr'>recincta,</span> 
     </span>
     <span class='ocr_line' id='line_1_25' title="bbox 168 2337 768 2397; baseline 0 -1"><span class='ocrx_word' id='word_1_145' title='bbox 168 2353 290 2396; x_wconf 92' lang='lat' dir='ltr'>testatur</span> <span class='ocrx_word' id='word_1_146' title='bbox 304 2337 441 2396; x_wconf 89' lang='lat' dir='ltr'>moritura</span> <span class='ocrx_word' id='word_1_147' title='bbox 457 2337 526 2396; x_wconf 90' lang='lat' dir='ltr'>deos</span> <span class='ocrx_word' id='word_1_148' title='bbox 542 2353 571 2396; x_wconf 92' lang='lat' dir='ltr'>et</span> <span class='ocrx_word' id='word_1_149' title='bbox 585 2338 700 2396; x_wconf 90' lang='lat' dir='ltr'>conscia</span> <span class='ocrx_word' id='word_1_150' title='bbox 715 2338 768 2397; x_wconf 89' lang='lat' dir='ltr'>fati</span> 
     </span>
     <span class='ocr_line' id='line_1_26' title="bbox 169 2417 1038 2497; baseline 0.001 -20"><span class='ocrx_word' id='word_1_151' title='bbox 169 2418 279 2490; x_wconf 82' lang='lat' dir='ltr'>sidera3</span> <span class='ocrx_word' id='word_1_152' title='bbox 302 2435 373 2490; x_wconf 89' lang='lat' dir='ltr'>tum,</span> <span class='ocrx_word' id='word_1_153' title='bbox 389 2417 411 2476; x_wconf 92' lang='lat' dir='ltr'>si</span> <span class='ocrx_word' id='word_1_154' title='bbox 427 2419 506 2496; x_wconf 91' lang='lat' dir='ltr'>quod</span> <span class='ocrx_word' id='word_1_155' title='bbox 521 2439 581 2476; x_wconf 90' lang='lat' dir='ltr'>non</span> <span class='ocrx_word' id='word_1_156' title='bbox 597 2439 690 2497; x_wconf 91' lang='lat' dir='ltr'>aequo</span> <span class='ocrx_word' id='word_1_157' title='bbox 705 2420 824 2478; x_wconf 89' lang='lat' dir='ltr'>foedere</span> <span class='ocrx_word' id='word_1_158' title='bbox 838 2433 969 2479; x_wconf 88' lang='lat' dir='ltr'>amantes</span> <span class='ocrx_word' id='word_1_159' title='bbox 999 2447 1038 2486; x_wconf 80' lang='lat'>520</span> 
     </span>
     <span class='ocr_line' id='line_1_27' title="bbox 169 2499 1017 2578; baseline 0.001 -20"><span class='ocrx_word' id='word_1_160' title='bbox 169 2519 253 2558; x_wconf 89' lang='lat' dir='ltr'>curae</span> <span class='ocrx_word' id='word_1_161' title='bbox 268 2519 378 2558; x_wconf 89' lang='lat' dir='ltr'>numen</span> <span class='ocrx_word' id='word_1_162' title='bbox 392 2500 482 2559; x_wconf 86' lang='lat' dir='ltr'>habet</span> <span class='ocrx_word' id='word_1_163' title='bbox 497 2499 665 2578; x_wconf 90' lang='lat' dir='ltr'>iustumque</span> <span class='ocrx_word' id='word_1_164' title='bbox 679 2519 859 2578; x_wconf 89' lang='lat' dir='ltr'>memorque,</span> <span class='ocrx_word' id='word_1_165' title='bbox 874 2516 1017 2578; x_wconf 90' lang='lat' dir='ltr'>precatur.</span> 
     </span>
     <span class='ocr_line' id='line_1_28' title="bbox 209 2580 973 2659; baseline -0.001 -20"><span class='ocrx_word' id='word_1_166' title='bbox 209 2601 267 2639; x_wconf 85' lang='lat' dir='ltr'>nox</span> <span class='ocrx_word' id='word_1_167' title='bbox 283 2595 353 2654; x_wconf 87' lang='lat' dir='ltr'>erat,</span> <span class='ocrx_word' id='word_1_168' title='bbox 369 2595 398 2639; x_wconf 91' lang='lat' dir='ltr'>et</span> <span class='ocrx_word' id='word_1_169' title='bbox 412 2580 562 2658; x_wconf 91' lang='lat' dir='ltr'>placidum</span> <span class='ocrx_word' id='word_1_170' title='bbox 579 2582 738 2659; x_wconf 89' lang='lat' dir='ltr'>carpebant</span> <span class='ocrx_word' id='word_1_171' title='bbox 752 2581 826 2638; x_wconf 89' lang='lat' dir='ltr'>fessa</span> <span class='ocrx_word' id='word_1_172' title='bbox 840 2599 973 2658; x_wconf 90' lang='lat' dir='ltr'>soporem</span> 
     </span>
     <span class='ocr_line' id='line_1_29' title="bbox 168 2661 921 2740; baseline 0 -20"><span class='ocrx_word' id='word_1_173' title='bbox 168 2682 287 2740; x_wconf 89' lang='lat' dir='ltr'>corpora</span> <span class='ocrx_word' id='word_1_174' title='bbox 302 2669 354 2740; x_wconf 83' lang='lat' dir='ltr'>per</span> <span class='ocrx_word' id='word_1_175' title='bbox 368 2677 465 2734; x_wconf 90' lang='lat' dir='ltr'>terras,</span> <span class='ocrx_word' id='word_1_176' title='bbox 482 2661 629 2740; x_wconf 88' lang='lat' dir='ltr'>silvaeque</span> <span class='ocrx_word' id='word_1_177' title='bbox 646 2677 677 2720; x_wconf 92' lang='lat' dir='ltr'>et</span> <span class='ocrx_word' id='word_1_178' title='bbox 690 2682 772 2720; x_wconf 89' lang='lat' dir='ltr'>saeva</span> <span class='ocrx_word' id='word_1_179' title='bbox 787 2661 921 2740; x_wconf 89' lang='lat' dir='ltr'>quierant</span> 
     </span>
     <span class='ocr_line' id='line_1_30' title="bbox 168 2743 882 2821; baseline 0 -21"><span class='ocrx_word' id='word_1_180' title='bbox 168 2763 300 2821; x_wconf 88' lang='lat' dir='ltr'>aequora,</span> <span class='ocrx_word' id='word_1_181' title='bbox 316 2763 384 2802; x_wconf 89' lang='lat' dir='ltr'>cum</span> <span class='ocrx_word' id='word_1_182' title='bbox 398 2743 495 2801; x_wconf 91' lang='lat' dir='ltr'>medio</span> <span class='ocrx_word' id='word_1_183' title='bbox 510 2743 671 2802; x_wconf 88' lang='lat' dir='ltr'>volvuntur</span> <span class='ocrx_word' id='word_1_184' title='bbox 686 2743 778 2801; x_wconf 89' lang='lat' dir='ltr'>sidera</span> <span class='ocrx_word' id='word_1_185' title='bbox 792 2743 882 2820; x_wconf 88' lang='lat' dir='ltr'>lapsu,</span> 
     </span>
     <span class='ocr_line' id='line_1_31' title="bbox 168 2823 1004 2902; baseline -0.001 -21"><span class='ocrx_word' id='word_1_186' title='bbox 168 2843 235 2882; x_wconf 87' lang='lat' dir='ltr'>cunr</span> <span class='ocrx_word' id='word_1_187' title='bbox 251 2839 327 2883; x_wconf 87' lang='lat' dir='ltr'>tacet</span> <span class='ocrx_word' id='word_1_188' title='bbox 342 2824 436 2882; x_wconf 91' lang='lat' dir='ltr'>omnis</span> <span class='ocrx_word' id='word_1_189' title='bbox 452 2844 526 2900; x_wconf 89' lang='lat' dir='ltr'>ager,</span> <span class='ocrx_word' id='word_1_190' title='bbox 542 2824 679 2902; x_wconf 89' lang='lat' dir='ltr'>pecudes,</span> <span class='ocrx_word' id='word_1_191' title='bbox 696 2823 850 2902; x_wconf 91' lang='lat' dir='ltr'>pictaeque</span> <span class='ocrx_word' id='word_1_192' title='bbox 864 2823 1004 2895; x_wconf 88' lang='lat' dir='ltr'>volucres,</span> 
     </span>
     <span class='ocr_line' id='line_1_32' title="bbox 168 2903 985 2984; baseline -0.001 -23"><span class='ocrx_word' id='word_1_193' title='bbox 168 2925 299 2982; x_wconf 90' lang='lat' dir='ltr'>quaeque</span> <span class='ocrx_word' id='word_1_194' title='bbox 314 2905 393 2964; x_wconf 88' lang='lat' dir='ltr'>lacus</span> <span class='ocrx_word' id='word_1_195' title='bbox 408 2905 467 2963; x_wconf 86' lang='lat' dir='ltr'>late</span> <span class='ocrx_word' id='word_1_196' title='bbox 482 2906 618 2984; x_wconf 90' lang='lat' dir='ltr'>liquidos,</span> <span class='ocrx_word' id='word_1_197' title='bbox 633 2925 766 2984; x_wconf 90' lang='lat' dir='ltr'>quaeque</span> <span class='ocrx_word' id='word_1_198' title='bbox 781 2923 878 2982; x_wconf 92' lang='lat' dir='ltr'>aspera</span> <span class='ocrx_word' id='word_1_199' title='bbox 892 2903 985 2962; x_wconf 89' lang='lat' dir='ltr'>dumis</span> 
     </span>
     <span class='ocr_line' id='line_1_33' title="bbox 168 2983 893 3064; baseline 0 -22"><span class='ocrx_word' id='word_1_200' title='bbox 168 3005 232 3043; x_wconf 91' lang='lat' dir='ltr'>rura</span> <span class='ocrx_word' id='word_1_201' title='bbox 247 3001 360 3057; x_wconf 88' lang='lat' dir='ltr'>tenent,</span> <span class='ocrx_word' id='word_1_202' title='bbox 375 3006 477 3045; x_wconf 90' lang='lat' dir='ltr'>somno</span> <span class='ocrx_word' id='word_1_203' title='bbox 491 2986 601 3064; x_wconf 89' lang='lat' dir='ltr'>positae</span> <span class='ocrx_word' id='word_1_204' title='bbox 616 2987 668 3044; x_wconf 90' lang='lat' dir='ltr'>sub</span> <span class='ocrx_word' id='word_1_205' title='bbox 684 3001 772 3044; x_wconf 92' lang='lat' dir='ltr'>nocte</span> <span class='ocrx_word' id='word_1_206' title='bbox 787 2983 893 3044; x_wconf 89' lang='lat' dir='ltr'>silenti.</span> 
     </span>
     <span class='ocr_line' id='line_1_34' title="bbox 168 3064 841 3144; baseline 0.001 -21"><span class='ocrx_word' id='word_1_207' title='bbox 168 3064 314 3141; x_wconf 90' lang='lat' dir='ltr'>[lenibant</span> <span class='ocrx_word' id='word_1_208' title='bbox 328 3087 418 3140; x_wconf 90' lang='lat' dir='ltr'>curas,</span> <span class='ocrx_word' id='word_1_209' title='bbox 435 3082 464 3125; x_wconf 91' lang='lat' dir='ltr'>et</span> <span class='ocrx_word' id='word_1_210' title='bbox 478 3067 564 3125; x_wconf 89' lang='lat' dir='ltr'>corda</span> <span class='ocrx_word' id='word_1_211' title='bbox 580 3067 671 3125; x_wconf 90' lang='lat' dir='ltr'>oblita</span> <span class='ocrx_word' id='word_1_212' title='bbox 686 3067 841 3144; x_wconf 86' lang='lat' dir='ltr'>laborum]</span> 
     </span>
     <span class='ocr_line' id='line_1_35' title="bbox 168 3147 945 3225; baseline 0.003 -22"><span class='ocrx_word' id='word_1_213' title='bbox 168 3161 197 3204; x_wconf 90' lang='lat' dir='ltr'>at</span> <span class='ocrx_word' id='word_1_214' title='bbox 211 3166 271 3204; x_wconf 91' lang='lat' dir='ltr'>non</span> <span class='ocrx_word' id='word_1_215' title='bbox 287 3147 392 3206; x_wconf 85' lang='lat' dir='ltr'>infelix</span> <span class='ocrx_word' id='word_1_216' title='bbox 408 3147 497 3206; x_wconf 86' lang='lat' dir='ltr'>animi</span> <span class='ocrx_word' id='word_1_217' title='bbox 515 3147 681 3220; x_wconf 87' lang='lat' dir='ltr'>Phoenissa,</span> <span class='ocrx_word' id='word_1_218' title='bbox 696 3167 945 3225; x_wconf 87' lang='lat' dir='ltr'>nequeumquam</span> 
     </span>
     <span class='ocr_line' id='line_1_36' title="bbox 168 3227 1036 3306; baseline 0 -23"><span class='ocrx_word' id='word_1_219' title='bbox 168 3227 287 3286; x_wconf 90' lang='lat' dir='ltr'>solvitur</span> <span class='ocrx_word' id='word_1_220' title='bbox 300 3227 331 3286; x_wconf 91' lang='lat' dir='ltr'>in</span> <span class='ocrx_word' id='word_1_221' title='bbox 347 3248 471 3301; x_wconf 87' lang='lat' dir='ltr'>somnos,</span> <span class='ocrx_word' id='word_1_222' title='bbox 486 3228 615 3287; x_wconf 90' lang='lat' dir='ltr'>oculisve</span> <span class='ocrx_word' id='word_1_223' title='bbox 630 3243 681 3286; x_wconf 90' lang='lat' dir='ltr'>aut</span> <span class='ocrx_word' id='word_1_224' title='bbox 694 3243 814 3306; x_wconf 89' lang='lat' dir='ltr'>pectore</span> <span class='ocrx_word' id='word_1_225' title='bbox 829 3243 947 3286; x_wconf 91' lang='lat' dir='ltr'>noctem</span> <span class='ocrx_word' id='word_1_226' title='bbox 998 3257 1036 3294; x_wconf 77' lang='lat'>530</span> 
     </span>
     <span class='ocr_line' id='line_1_37' title="bbox 168 3307 941 3388; baseline -0.001 -22"><span class='ocrx_word' id='word_1_227' title='bbox 168 3307 295 3387; x_wconf 89' lang='lat' dir='ltr'>accipit:</span> <span class='ocrx_word' id='word_1_228' title='bbox 317 3309 500 3386; x_wconf 86' lang='lat' dir='ltr'>ingeminant</span> <span class='ocrx_word' id='word_1_229' title='bbox 516 3329 611 3382; x_wconf 87' lang='lat' dir='ltr'>curae,</span> <span class='ocrx_word' id='word_1_230' title='bbox 627 3327 779 3388; x_wconf 88' lang='lat' dir='ltr'>rursusque</span> <span class='ocrx_word' id='word_1_231' title='bbox 794 3328 941 3386; x_wconf 87' lang='lat' dir='ltr'>resurgens</span> 
     </span>
    </p>
   </div>
   <div class='ocr_carea' id='block_1_3' title="bbox 462 3402 700 3466">
    <p class='ocr_par' dir='ltr' id='par_1_3' title="bbox 462 3402 700 3466">
     <span class='ocr_line' id='line_1_38' title="bbox 462 3402 700 3466; baseline 0.008 -16"><span class='ocrx_word' id='word_1_232' title='bbox 462 3415 511 3464; x_wconf 85' lang='lat'>497</span> <span class='ocrx_word' id='word_1_233' title='bbox 529 3402 700 3466; x_wconf 84' lang='lat' dir='ltr'>superinponas.</span> 
     </span>
    </p>
   </div>
   <div class='ocr_carea' id='block_1_4' title="bbox 0 0 1284 4112">
    <p class='ocr_par' dir='ltr' id='par_1_4' title="bbox 0 0 1284 4112">
     <span class='ocr_line' id='line_1_39' title="bbox 0 0 1284 4112; baseline 0 0"><span class='ocrx_word' id='word_1_234' title='bbox 0 0 1284 4112; x_wconf 95' lang='lat' dir='ltr'> </span> 
     </span>
    </p>
   </div>
  </div>
 </body>
</html>
