2558 4112
254 328 299 378 116
528 328 555 376 P.
573 327 716 376 VERGILI
733 327 890 376 MARONIS

295 477 361 534 ergo
375 457 469 516 omnis
483 457 569 533 longo
584 456 667 516 solvit
682 477 710 516 se
725 455 852 515 Teucria
866 456 949 516 luctu
965 481 972 517 :

294 539 461 618 panduntur
475 554 572 616 portae
586 563 596 610 ;
616 537 695 597 iuvat
709 537 750 596 ire
765 552 793 596 et
807 536 916 596 Dorica
930 553 1020 598 castra

294 620 475 699 desertosque
493 619 588 679 videre
603 619 682 678 locos
696 617 819 696 litusque
834 618 980 678 relictum.

293 701 341 760 hic
357 699 507 778 Dolopum
522 720 632 772 manus,
646 698 694 758 hic
711 719 807 758 saevus
822 699 958 758 tendebat
971 700 1102 761 Achilles
1116 727 1125 773 ;

294 780 427 840 classibus
442 781 491 839 hic
507 781 597 851 locus,
610 781 655 839 his
670 779 731 840 acie
746 795 853 838 certare
868 780 1007 841 solebant.
1136 815 1160 852 30

293 883 355 940 pars
369 877 466 939 stupet
480 861 620 938 innuptae
634 861 744 920 donum
759 860 874 920 exitiale
891 860 1054 935 Minervae,

294 960 323 1003 et
337 943 445 1002 molem
459 942 599 1002 mirantur
615 941 681 1020 equi
695 967 705 1012 ;
726 941 891 1022 primusque
906 942 1085 1020 Thymoetes

293 1023 361 1083 duci
376 1024 452 1082 intra
466 1043 561 1082 muros
577 1024 707 1082 hortatur
722 1037 750 1081 et
764 1043 834 1082 arce
843 1023 941 1096 iocari,

294 1105 351 1163 sive
367 1105 443 1176 dolo,
458 1125 508 1164 seu
523 1104 579 1164 iam
595 1103 703 1162 Troiae
718 1103 757 1162 sic
773 1102 830 1161 fata
844 1103 982 1172 ferebant.

294 1201 322 1245 at
337 1185 442 1262 Capys,
457 1202 486 1244 et
501 1205 624 1265 quorum
640 1184 742 1243 melior
757 1184 897 1244 sententia
911 1185 1012 1256 menti,

294 1281 342 1324 aut
356 1267 457 1342 pelago
471 1265 606 1324 Danaum
622 1265 736 1324 insidias
751 1263 937 1344 suspectaque
952 1265 1026 1324 dona

294 1345 479 1424 praecipitare
493 1345 607 1416 iubent,
623 1345 814 1425 subiectisque
830 1364 912 1404 urere
927 1345 1047 1406 flammis
1064 1369 1072 1406 :

295 1441 344 1486 aut
357 1426 499 1485 terebrare
515 1447 596 1486 cavas
612 1427 685 1486 uteri
701 1443 730 1486 et
744 1441 882 1504 temptare
897 1427 1025 1487 latebras.

294 1507 435 1580 scinditur
449 1507 593 1566 incertum
609 1506 702 1567 studia
715 1507 746 1566 in
761 1507 901 1566 contraria
914 1508 1024 1585 vulgus.

335 1587 444 1666 primus
458 1588 498 1646 ibi
510 1604 576 1647 ante
588 1609 698 1660 omnes,
709 1605 812 1665 magna
823 1589 978 1647 comitante
989 1604 1110 1659 caterva,
1138 1618 1163 1657 40

295 1669 430 1727 Laocoon
445 1669 546 1727 ardens
561 1689 672 1728 summa
687 1668 813 1729 decurrit
827 1669 863 1728 ab
877 1689 941 1728 arce
956 1694 965 1740 ;

296 1765 325 1809 et
339 1749 441 1828 procul
458 1773 465 1809 ε
486 1757 522 1809 ‘o
538 1749 643 1822 miseri,
659 1771 731 1828 quae
746 1765 824 1811 tanta
838 1749 956 1822 insania,
970 1748 1070 1808 cives?

295 1831 411 1890 creditis
425 1847 537 1890 avectos
553 1833 671 1890 hostes?
693 1847 740 1890 aut
755 1832 815 1890 ulla
828 1831 932 1908 putatis

294 1911 370 1970 dona
384 1931 479 1970 carere
494 1912 566 1970 dolis
581 1911 741 1971 Danaum?
762 1912 802 1971 sic
817 1927 900 1970 notus
916 1911 1046 1970 Ulixes?

295 2008 343 2051 aut
357 1994 412 2050 hoc
428 1992 532 2051 inclusi
549 1993 629 2069 ligno
644 1993 826 2052 occultantur
839 1992 957 2066 Achivi,

295 2088 344 2132 aut
358 2074 429 2132 haec
444 2073 474 2131 in
491 2089 599 2131 nostros
614 2073 750 2133 fabricata
764 2090 806 2133 est
821 2073 954 2133 machina
968 2093 1065 2133 muros

295 2153 460 2230 inspectura
473 2153 572 2213 domos
586 2169 764 2234 venturaque
779 2155 900 2233 desuper
917 2155 1002 2225 urbi;

295 2251 344 2293 aut
358 2235 458 2314 aliquis
474 2236 544 2295 latet
559 2256 635 2295 error
651 2258 658 2294 t
680 2257 754 2314 equo
768 2255 805 2294 ne
820 2235 939 2307 credite,
955 2235 1075 2294 Teucri.

295 2315 435 2395 quidquid
449 2316 479 2375 id
493 2331 544 2388 est,
561 2317 650 2376 timeo
664 2316 779 2376 Danaos
794 2331 823 2375 et
837 2317 912 2375 dona
926 2315 1069 2376 ferentes'

295 2397 334 2454 sic
350 2397 423 2455 fatus
438 2397 538 2456 validis
552 2397 701 2474 ingentem
716 2397 823 2456 viribus
836 2399 946 2456 hastam
1141 2423 1169 2464 50

295 2476 326 2534 in
341 2477 413 2535 latus
428 2477 517 2556 inque
532 2479 584 2537 feri
600 2498 718 2538 curvam
733 2477 917 2556 compagibus
932 2478 1029 2536 alvum

295 2557 444 2617 contorsit.
485 2559 563 2620 stetit
577 2558 627 2617 illa
642 2575 776 2631 tremens,
791 2574 930 2638 uteroque
944 2579 1057 2617 recusso

296 2639 448 2697 insonuere
463 2659 547 2698 cavae
562 2639 761 2719 gemitumque
776 2640 879 2699 dedere
893 2659 1041 2699 cavernae.

296 2735 335 2790 et,
349 2719 371 2776 si
386 2719 443 2778 fata
457 2720 554 2790 deum,
569 2720 592 2778 si
607 2740 687 2780 mens
696 2741 761 2780 -non
777 2722 856 2780 laeva
870 2720 978 2790 fuisset,

297 2799 439 2876 inpulerat
454 2800 528 2860 ferro
543 2801 693 2878 Argolicas
708 2801 822 2861 foedare
837 2802 957 2861 latebras
972 2825 981 2872 3

296 2880 442 2960 Troiaque
457 2901 535 2941 nunc
552 2899 646 2954 staret,
663 2882 824 2962 Priamique
839 2903 890 2942 arx
904 2883 970 2954 alta,
985 2899 1126 2939 maneres·

337 2981 415 3032 ecce,
430 2983 530 3022 manus
546 2963 682 3023 iuvenem
696 2963 806 3030 interea
819 2978 883 3041 post
898 2977 975 3039 terga
989 2961 1160 3020 revinctum

296 3057 418 3118 pastores
434 3063 538 3120 magno
553 3045 589 3104 ad
602 3065 699 3122 regem
714 3045 839 3104 clamore
854 3044 1004 3102 trahebant

295 3121 486 3195 Dardanidae,
501 3125 552 3204 qui
567 3145 596 3183 se
611 3125 743 3202 ignotum
757 3125 940 3184 venientibus
956 3124 1041 3194 ultro,

296 3204 350 3261 hoc
363 3203 457 3280 ipsum
470 3221 502 3263 ut
517 3221 636 3266 strueret
650 3205 828 3299 Troiamque
839 3205 961 3284 aperiret
974 3203 1108 3275 Achivis,

296 3284 448 3357 obtulerat,
464 3285 554 3344 fidens
569 3287 668 3360 animi,
683 3304 767 3368 atque
784 3307 816 3346 sn
830 3302 986 3366 utrumque
1001 3300 1127 3363 paratus,

472 3406 502 3454 37
519 3392 662 3442 subiectisve.
698 3393 727 3456 56
745 3397 823 3454 stares
835 3401 947 3442 maneret.
974 3405 981 3420 ·
