2556 4116
358 373 546 424 BUCOLICAr
564 374 635 424 ECL.
653 375 717 423 VIII
958 391 987 424 21

121 499 251 576 coniugis
267 513 299 558 ut
313 498 431 574 magicis
445 519 526 558 sanos
541 516 667 558 avertere
682 501 766 558 sacris
829 557 842 586 ο

121 581 249 659 experiar
264 601 382 650 sensus;
404 579 477 640 nihil
492 580 541 640 hic
557 580 611 640 nisi
626 581 753 640 carmina
766 582 892 654 desunt3

160 661 258 721 ducite
291 661 326 720 ab
361 661 431 722 urbe
466 661 596 734 domum,
628 681 691 720 mea
723 663 860 734 carmina,
891 663 989 722 ducite

202 743 365 820 Daphnim.

122 823 248 884 carmina
263 824 308 882 vel
324 824 404 882 caelo
417 814 537 902 possunt
550 824 692 884 deducere
707 825 843 896 Lunam3
965 856 991 893 70

122 903 297 964 carminibus
313 904 401 964 Circe
415 905 504 964 socios
518 905 642 964 mutavit
657 905 762 964 Ulixi
754 950 763 976 ,

122 985 263 1062 frigidus'
256 1006 286 1043 m
301 985 388 1063 pratis
403 986 547 1044 cantando
561 986 704 1062 rumpitur
718 985 827 1062 anguis.

162 1066 261 1125 ducite
293 1067 328 1124 ab
364 1067 434 1125 urbe
468 1067 596 1137 domum,
629 1087 696 1125 mea
725 1068 859 1138 carmina,
892 1067 990 1126 ducite

203 1147 363 1225 Daphnim.

123 1245 203 1288 terna
217 1227 270 1287 tibi
285 1229 357 1286 haec
370 1227 496 1306 primum
511 1228 619 1305 triplici
633 1229 745 1288 diversa
758 1229 854 1288 colore

122 1309 188 1368 licia
203 1309 362 1381 circumdo,
378 1324 478 1388 terque
493 1311 562 1368 haec
578 1310 677 1367 altaria
690 1310 801 1371 circum

123 1390 245 1466 effigiem
259 1390 335 1448 duco
347 1415 357 1461 ;
378 1410 499 1448 numero
513 1390 583 1448 deus
597 1390 695 1467 inpare
710 1391 822 1466 gaudet.

161 1471 260 1530 ducite
292 1471 327 1530 ab
362 1471 432 1530 urbe
468 1471 596 1542 domum,
628 1491 692 1530 mea
724 1472 859 1542 carmina,
892 1471 990 1529 ducite

202 1551 360 1628 Daphnim.

121 1648 206 1692 necte
221 1633 311 1692 tribus
326 1633 409 1690 nodis
424 1648 528 1704 ternos,
543 1633 695 1710 Amarylli
712 1635 819 1692 colores
832 1659 842 1704 ;

120 1730 215 1786 necte,
241 1713 393 1790 Amarylli,
414 1714 509 1784 modo,
533 1729 571 1786 et,
595 1711 751 1788 ‘Veneris,'
774 1714 831 1786 dic,
856 1713 992 1772 ‘vincula

202 1794 308 1854 necto?

160 1875 261 1934 ducite
293 1876 328 1934 ab
364 1876 433 1934 urbe
469 1877 598 1947 domum,
630 1895 694 1935 mea
725 1875 860 1945 carmina,
893 1875 990 1934 ducite

202 1955 364 2034 Daphnim.
966 1974 992 2013 80

122 2039 207 2096 limus
223 2053 255 2095 ut
269 2037 317 2095 hic
332 2037 470 2110 durescit,
484 2053 515 2096 et
528 2057 598 2096 naec
615 2053 647 2097 ut
662 2059 727 2096 cera
741 2037 876 2116 liquescit

122 2140 180 2177 uno
195 2117 355 2195 eodemque
369 2117 438 2193 igni,
454 2117 493 2177 sic
510 2134 608 2176 nostro
622 2119 756 2196 Daphnis
771 2139 875 2177 amore.

121 2219 219 2277 sparge
234 2199 352 2270 molam,
367 2215 396 2257 et
411 2199 523 2275 fragiles
537 2198 662 2257 incende
678 2199 821 2257 bitumine
837 2201 940 2258 laurus.

121 2279 254 2357 Daphnis
266 2300 312 2338 me
323 2278 416 2338 malus
428 2280 495 2351 urit,
506 2299 560 2355 ego
570 2280 644 2337 hanc
657 2279 688 2336 in
699 2280 856 2356 Daphnide
868 2280 991 2337 laurum.

161 2361 261 2421 ducite
293 2360 329 2418 ab
365 2361 434 2418 urbe
466 2361 594 2430 domum,
627 2379 690 2418 mea
722 2360 858 2430 carmina,
891 2359 990 2418 ducite

203 2441 364 2520 Daphnim.

123 2524 186 2582 talis
201 2543 280 2582 amor
293 2522 488 2602 Daphnim‚q
489 2522 560 2581 ualis
574 2543 642 2582 cum
657 2521 750 2580 fessa
742 2541 899 2579 iuvencum

120 2627 172 2683 per
187 2625 307 2663 nemora
322 2619 407 2684 atque
422 2544 494 2664 altoqs
510 2603 672 2682 quaerendo
687 2603 792 2663 bucula
807 2602 886 2664 lucos

121 2702 238 2764 propter
252 2705 341 2764 aquae
356 2685 451 2744 rivum
465 2685 550 2742 viridi
565 2683 752 2760 procumbit
744 2705 774 2745 ιιι
789 2683 856 2744 ulva

120 2766 242 2844 perdita,
257 2787 311 2825 nec
326 2787 403 2826 serae
419 2765 554 2824 meminit
567 2766 705 2825 decedere
720 2763 808 2840 nocti,

120 2848 186 2908 talis
200 2868 280 2910 amor
295 2863 401 2918 teneat,
417 2867 471 2906 nec
487 2847 523 2916 ait
537 2846 610 2918 mihi
625 2867 693 2908 cura
707 2810 827 2906 mederi.
966 2874 992 2914 90

162 2929 261 2987 ducite
297 2929 333 2988 ab
368 2929 439 2988 urbe
470 2929 598 3002 domum,
630 2948 694 2988 mea
724 2926 860 3001 carmina,
892 2925 991 2987 ducite

203 3009 362 3087 Daphnim

120 3091 170 3148 has
185 3031 269 3148 olimp
272 3091 388 3183 exuvias
403 3089 475 3149 mihi
489 3089 613 3167 perfidus
628 3089 678 3148 ille
693 3087 837 3183 reliquit&

119 3170 241 3248 pignora
255 3191 319 3230 cara
332 3171 396 3230 sui:
418 3191 491 3250 quae
506 3190 584 3231 nunc
600 3191 652 3245 ego
667 3169 791 3230 limine
783 3191 813 3231 ιιι
829 3170 899 3248 ipso,

120 3266 203 3322 terra,
220 3251 272 3310 tibi
288 3252 418 3320 maud03
438 3253 547 3312 debent
562 3253 631 3310 haec
647 3251 765 3330 pignora
779 3251 939 3328 Daphnim.

162 3333 263 3391 ducite
298 3332 334 3390 ab
369 3333 438 3392 urbe
470 3333 599 3404 domum,
631 3352 694 3391 mea
725 3333 861 3402 carmina,
894 3328 990 3388 ducite

202 3413 363 3490 Daphnim.
