2562 4114
418 393 585 442 AENEIDOS
602 393 665 442 LIB.
683 393 721 440 XI

152 523 286 602 planities
300 523 397 599 ignota
411 523 493 594 iacet,
509 521 622 600 tutique
637 539 780 600 receptus,

152 625 202 663 seu
217 605 317 663 dextra
330 605 466 681 laevaque
481 603 551 661 velis
566 624 715 662 occurrere
729 623 850 681 pugnae,

153 684 211 742 sive
226 685 330 744 instare
344 684 425 760 iugis,
441 700 470 743 et
484 682 600 759 grandia
614 685 727 743 volvere
743 705 815 742 saxa.

152 766 209 822 huc
224 764 335 823 iuvenis
349 781 417 824 nota
430 765 520 824 fertur
534 765 650 840 regione
664 765 784 836 viarum,
982 795 1020 834 530

153 844 327 923 arripuitque
342 846 439 905 locum
454 861 483 904 et
497 845 574 904 silvis
588 845 692 905 insedit
706 845 821 925 iniquis.

193 926 323 984 velocem
337 925 446 986 interea
460 926 568 1004 superis
583 927 613 985 in
629 926 742 984 sedibus
758 927 857 1004 Opim,

153 1026 240 1065 unam
254 1027 289 1066 er
303 1007 460 1082 virginibus
475 1007 558 1065 sociis
573 1027 706 1085 sacraque
722 1022 843 1078 caterva,

153 1087 342 1164 compellabat
357 1104 386 1146 et
400 1089 449 1146 has
464 1088 556 1147 tristes
571 1088 693 1146 Latonia
706 1107 789 1146 voces

152 1188 200 1225 ore
215 1167 316 1227 dabat:
338 1168 480 1243 ‘graditur
494 1168 605 1226 bellum
621 1169 656 1226 ad
670 1168 786 1226 crudele
802 1167 936 1238 Camilla,

152 1269 170 1305 o
183 1247 272 1323 virgo,
287 1264 315 1306 et
329 1248 430 1306 nostris
445 1248 621 1326 nequiquam
636 1249 761 1324 cingitur
775 1249 866 1318 armis,

152 1348 217 1387 cara
230 1328 302 1387 mihi
317 1344 383 1388 ante
398 1329 475 1389 alias.
517 1348 613 1406 neque
629 1329 707 1387 enim
722 1349 813 1387 novus
828 1329 880 1387 iste
895 1329 1006 1388 Dianae

152 1409 232 1467 venit
246 1429 332 1479 amor,
347 1409 497 1489 subitaque
512 1409 643 1468 animum
659 1409 814 1468 dulcedine
829 1409 928 1468 movit.

152 1490 249 1566 pulsus
264 1489 302 1547 ob
316 1489 454 1549 invidiam
467 1511 556 1566 regno
571 1490 702 1568 viresque
717 1490 850 1567 s'uperbas

153 1569 290 1628 Priverno
304 1570 423 1648 antiqua
438 1571 576 1630 Metabus
592 1591 659 1630 cum
675 1571 827 1629 excederet
842 1571 922 1642 urbe,
987 1599 1024 1636 540

151 1649 292 1709 infantem
308 1651 419 1728 fugiens
434 1652 527 1709 media
542 1652 618 1710 inter
632 1650 740 1728 proelia
755 1651 824 1709 belli

152 1731 266 1790 sustulit
280 1733 381 1790 exsilio
396 1732 541 1802 comitem,
559 1733 713 1810 matrisque
728 1731 840 1790 vocavit

152 1813 271 1871 nomine
286 1812 450 1884 Casmillae,
466 1828 576 1871 mutata
590 1828 679 1889 parte,
695 1812 861 1871 Camillam.

153 1892 213 1970 ipse
228 1893 291 1951 sinu
306 1913 373 1970 prae
388 1914 416 1951 se
431 1909 547 1970 portans
562 1893 627 1967 iuga
641 1893 727 1966 longa
741 1891 857 1968 petebat
895 1933 898 1941 .

153 1974 276 2031 solorum
291 1993 464 2043 nemorum3
486 1973 542 2030 tela
559 1972 688 2049 undique
704 1991 784 2029 saeva
797 1971 976 2048 premebant,

154 2069 182 2112 et
196 2053 371 2111 circumfuso
385 2053 542 2110 volitabant
557 2052 650 2110 milite
665 2051 775 2110 Volsci.

110 2184 113 2189 .
153 2153 231 2205 ecce,
247 2133 329 2208 fugae
344 2133 440 2191 medio
455 2133 572 2190 summis
588 2133 747 2190 Amasenus
762 2132 910 2190 abundans

154 2214 302 2291 spumabat
316 2213 402 2292 ripis3
424 2227 518 2271 tantus
534 2233 562 2271 se
577 2212 703 2271 nubibus
717 2213 809 2272 imber

154 2309 277 2372 ruperat.
318 2293 379 2365 ille,
393 2293 492 2352 innare
503 2313 617 2370 parans,
633 2293 751 2351 infantis
766 2313 859 2351 amore

154 2376 287 2447 tardatur,
303 2395 424 2452 caroque
438 2373 518 2432 oneri
534 2374 627 2433 timet.
669 2373 767 2432 omnia
781 2394 878 2432 secum
989 2401 1027 2440 550

153 2455 276 2514 versanti
292 2455 387 2514 subito
401 2454 448 2513 vix
464 2457 534 2514 haec
550 2455 694 2513 sententia
708 2455 798 2513 sedit:

154 2537 245 2596 telum
260 2536 386 2607 inmane,
402 2556 490 2595 manu
505 2536 600 2594 valida
615 2536 693 2614 quod
707 2536 782 2595 forte
795 2536 910 2610 gerebat

155 2618 284 2690 bellator,
300 2617 424 2676 solidum
439 2617 521 2676 nodis
537 2633 565 2676 et
580 2616 681 2675 robore
697 2633 789 2688 cocto,

155 2697 222 2756 huic
238 2713 343 2771 natam,
359 2698 433 2756 libro
449 2715 477 2757 et
492 2697 613 2756 silvestri
630 2699 731 2756 subere
747 2698 878 2768 clausam,

155 2778 284 2855 inplicat,
300 2794 385 2857 atque
400 2779 527 2836 habilem
542 2778 652 2837 mediae
668 2778 850 2853 circumligat
867 2779 970 2846 hastae,

155 2879 241 2936 quam
256 2859 355 2918 dextra
369 2860 480 2935 ingenti
496 2859 602 2917 librans
617 2859 656 2918 ita
671 2861 706 2916 ad
722 2861 836 2917 aethera
852 2857 945 2915 fatur:

123 2945 145 2974 “
156 2940 241 3010 alma,
256 2939 309 2998 tibi
324 2943 409 3011 hanc,
425 2959 578 2998 nemorum
594 2940 711 3011 cultrix,
728 2939 852 2997 Latonia
867 2937 956 3013 virgo,

156 3020 217 3098 ipse
230 3035 311 3097 pater
325 3021 466 3079 famulam
480 3041 590 3092 vove03
612 3035 661 3078 tua
676 3020 768 3098 prima
782 3040 834 3097 per
849 3039 928 3076 auras

157 3101 216 3158 tela
230 3116 331 3158 tenens
346 3102 467 3179 supplex
482 3103 596 3160 hostem
611 3101 694 3176 fugit.
738 3100 848 3178 accipe,
866 3115 964 3170 testor,

156 3180 233 3251 diva,
247 3196 338 3252 tuam,
353 3202 424 3259 quae
440 3202 519 3240 nunc
535 3181 629 3240 dubiis
645 3180 839 3239 committitur
854 3177 956 3238 auris.''
992 3194 1029 3244 5⁶0

157 3261 240 3331 dixit,
256 3275 285 3320 et
300 3261 427 3320 adducto
441 3277 607 3321 contortum
622 3262 725 3320 hastile
741 3261 848 3320 lacerto

157 3341 299 3401 inmittit:
321 3363 441 3402 sonuere
456 3341 570 3414 undae}
591 3342 721 3421 rapidum
737 3363 820 3420 super
836 3360 951 3400 amnem

488 3449 533 3500 527
552 3451 657 3485 recessus.
