<?xml version="1.0" encoding="UTF-8"?>
<!DOCTYPE html PUBLIC "-//W3C//DTD XHTML 1.0 Transitional//EN"
    "http://www.w3.org/TR/xhtml1/DTD/xhtml1-transitional.dtd">
<html xmlns="http://www.w3.org/1999/xhtml" xml:lang="en" lang="en">
 <head>
  <title>
</title>
<meta http-equiv="Content-Type" content="text/html;charset=utf-8" />
  <meta name='ocr-system' content='tesseract 3.04.00' />
  <meta name='ocr-capabilities' content='ocr_page ocr_carea ocr_par ocr_line ocrx_word'/>
</head>
<body>
  <div class='ocr_page' id='page_1' title='image "./bucolicageorgic05virggoog/bucolicageorgic05virggoog_0286.png"; bbox 0 0 2568 4114; ppageno 0'>
   <div class='ocr_carea' id='block_1_1' title="bbox 432 451 1045 501">
    <p class='ocr_par' dir='ltr' id='par_1_1' title="bbox 432 451 1045 501">
     <span class='ocr_line' id='line_1_1' title="bbox 432 451 1045 501; baseline -0.005 0"><span class='ocrx_word' id='word_1_1' title='bbox 432 451 598 501; x_wconf 68' lang='lat' dir='ltr'><strong>Aruernos</strong></span> <span class='ocrx_word' id='word_1_2' title='bbox 615 451 679 500; x_wconf 90' lang='lat' dir='ltr'><strong>LlB.</strong></span> <span class='ocrx_word' id='word_1_3' title='bbox 696 451 760 499; x_wconf 89' lang='lat' dir='ltr'>v111</span> <span class='ocrx_word' id='word_1_4' title='bbox 999 451 1045 498; x_wconf 85' lang='lat'><strong>261</strong></span> 
     </span>
    </p>
   </div>
   <div class='ocr_carea' id='block_1_2' title="bbox 166 579 1048 3485">
    <p class='ocr_par' dir='ltr' id='par_1_2' title="bbox 166 579 1048 3485">
     <span class='ocr_line' id='line_1_2' title="bbox 180 579 896 658; baseline -0.001 -19"><span class='ocrx_word' id='word_1_5' title='bbox 180 579 347 658; x_wconf 82' lang='lat' dir='ltr'>velavitque</span> <span class='ocrx_word' id='word_1_6' title='bbox 362 600 457 640; x_wconf 84' lang='lat' dir='ltr'><strong>comas</strong></span> <span class='ocrx_word' id='word_1_7' title='bbox 472 579 631 658; x_wconf 85' lang='lat' dir='ltr'><strong>foliisque</strong></span> <span class='ocrx_word' id='word_1_8' title='bbox 623 599 730 638; x_wconf 81' lang='lat' dir='ltr'><strong>innexa</strong></span> <span class='ocrx_word' id='word_1_9' title='bbox 743 580 896 658; x_wconf 87' lang='lat' dir='ltr'><strong>pependit,</strong></span> 
     </span>
     <span class='ocr_line' id='line_1_3' title="bbox 182 660 975 738; baseline -0.001 -19"><span class='ocrx_word' id='word_1_10' title='bbox 182 676 212 720; x_wconf 87' lang='lat' dir='ltr'><strong>et</strong></span> <span class='ocrx_word' id='word_1_11' title='bbox 226 681 306 719; x_wconf 90' lang='lat' dir='ltr'><strong>sacer</strong></span> <span class='ocrx_word' id='word_1_12' title='bbox 320 660 445 738; x_wconf 90' lang='lat' dir='ltr'><strong>inplevit</strong></span> <span class='ocrx_word' id='word_1_13' title='bbox 459 660 591 719; x_wconf 85' lang='lat' dir='ltr'>dextram</span> <span class='ocrx_word' id='word_1_14' title='bbox 607 662 739 738; x_wconf 85' lang='lat' dir='ltr'><strong>scyphus.</strong></span> <span class='ocrx_word' id='word_1_15' title='bbox 781 661 860 719; x_wconf 91' lang='lat' dir='ltr'><strong>ocius</strong></span> <span class='ocrx_word' id='word_1_16' title='bbox 874 681 975 719; x_wconf 89' lang='lat' dir='ltr'><strong>omnes</strong></span> 
     </span>
     <span class='ocr_line' id='line_1_4' title="bbox 181 741 878 820; baseline -0.001 -20"><span class='ocrx_word' id='word_1_17' title='bbox 181 742 212 800; x_wconf 90' lang='lat' dir='ltr'><strong>in</strong></span> <span class='ocrx_word' id='word_1_18' title='bbox 228 761 356 800; x_wconf 88' lang='lat' dir='ltr'><strong>mensam</strong></span> <span class='ocrx_word' id='word_1_19' title='bbox 371 741 439 800; x_wconf 87' lang='lat' dir='ltr'><strong>laeti</strong></span> <span class='ocrx_word' id='word_1_20' title='bbox 454 741 547 800; x_wconf 92' lang='lat' dir='ltr'><strong>libant</strong></span> <span class='ocrx_word' id='word_1_21' title='bbox 560 741 700 820; x_wconf 86' lang='lat' dir='ltr'><strong>divosque</strong></span> <span class='ocrx_word' id='word_1_22' title='bbox 714 741 878 820; x_wconf 89' lang='lat' dir='ltr'><strong>precantur.</strong></span> 
     </span>
     <span class='ocr_line' id='line_1_5' title="bbox 222 821 1048 900; baseline -0.001 -19"><span class='ocrx_word' id='word_1_23' title='bbox 222 821 357 881; x_wconf 87' lang='lat' dir='ltr'><strong>devexo</strong></span> <span class='ocrx_word' id='word_1_24' title='bbox 349 837 460 880; x_wconf 79' lang='lat' dir='ltr'><strong>interea</strong></span> <span class='ocrx_word' id='word_1_25' title='bbox 473 822 589 900; x_wconf 87' lang='lat' dir='ltr'><strong>propior</strong></span> <span class='ocrx_word' id='word_1_26' title='bbox 604 822 636 881; x_wconf 89' lang='lat' dir='ltr'><strong>fit</strong></span> <span class='ocrx_word' id='word_1_27' title='bbox 651 823 764 900; x_wconf 82' lang='lat' dir='ltr'><strong>Vesper</strong></span> <span class='ocrx_word' id='word_1_28' title='bbox 779 823 929 900; x_wconf 87' lang='lat' dir='ltr'><strong>Olympo:</strong></span> <span class='ocrx_word' id='word_1_29' title='bbox 1010 839 1048 880; x_wconf 84' lang='lat'><strong>280</strong></span> 
     </span>
     <span class='ocr_line' id='line_1_6' title="bbox 181 903 889 982; baseline -0.003 -20"><span class='ocrx_word' id='word_1_30' title='bbox 181 904 297 982; x_wconf 89' lang='lat' dir='ltr'><strong>iamque</strong></span> <span class='ocrx_word' id='word_1_31' title='bbox 312 903 474 961; x_wconf 85' lang='lat' dir='ltr'><strong>sacerdotes</strong></span> <span class='ocrx_word' id='word_1_32' title='bbox 488 904 655 982; x_wconf 87' lang='lat' dir='ltr'><strong>primusque</strong></span> <span class='ocrx_word' id='word_1_33' title='bbox 671 903 794 962; x_wconf 87' lang='lat' dir='ltr'><strong>Potitius</strong></span> <span class='ocrx_word' id='word_1_34' title='bbox 807 903 889 961; x_wconf 86' lang='lat' dir='ltr'><strong>ibant</strong></span> 
     </span>
     <span class='ocr_line' id='line_1_7' title="bbox 180 983 952 1062; baseline 0 -20"><span class='ocrx_word' id='word_1_35' title='bbox 180 985 307 1062; x_wconf 92' lang='lat' dir='ltr'><strong>pellibus</strong></span> <span class='ocrx_word' id='word_1_36' title='bbox 321 983 353 1042; x_wconf 91' lang='lat' dir='ltr'><strong>in</strong></span> <span class='ocrx_word' id='word_1_37' title='bbox 368 1004 479 1043; x_wconf 89' lang='lat' dir='ltr'><strong>morem</strong></span> <span class='ocrx_word' id='word_1_38' title='bbox 493 984 595 1057; x_wconf 88' lang='lat' dir='ltr'><strong>cincti,</strong></span> <span class='ocrx_word' id='word_1_39' title='bbox 610 983 794 1062; x_wconf 86' lang='lat' dir='ltr'><strong>flammasque</strong></span> <span class='ocrx_word' id='word_1_40' title='bbox 810 984 952 1042; x_wconf 80' lang='lat' dir='ltr'><strong>ferebant.</strong></span> 
     </span>
     <span class='ocr_line' id='line_1_8' title="bbox 181 1065 893 1143; baseline 0 -20"><span class='ocrx_word' id='word_1_41' title='bbox 181 1066 342 1124; x_wconf 88' lang='lat' dir='ltr'><strong>instaurant</strong></span> <span class='ocrx_word' id='word_1_42' title='bbox 357 1066 465 1143; x_wconf 87' lang='lat' dir='ltr'><strong>epulas,</strong></span> <span class='ocrx_word' id='word_1_43' title='bbox 482 1079 511 1124; x_wconf 91' lang='lat' dir='ltr'><strong>et</strong></span> <span class='ocrx_word' id='word_1_44' title='bbox 526 1085 642 1123; x_wconf 84' lang='lat' dir='ltr'><strong>mensae</strong></span> <span class='ocrx_word' id='word_1_45' title='bbox 656 1080 733 1140; x_wconf 90' lang='lat' dir='ltr'><strong>grata</strong></span> <span class='ocrx_word' id='word_1_46' title='bbox 749 1065 893 1123; x_wconf 89' lang='lat' dir='ltr'><strong>secundae</strong></span> 
     </span>
     <span class='ocr_line' id='line_1_9' title="bbox 181 1145 979 1224; baseline 0 -20"><span class='ocrx_word' id='word_1_47' title='bbox 181 1146 258 1204; x_wconf 88' lang='lat' dir='ltr'><strong>dona</strong></span> <span class='ocrx_word' id='word_1_48' title='bbox 273 1146 381 1217; x_wconf 87' lang='lat' dir='ltr'><strong>ferunt,</strong></span> <span class='ocrx_word' id='word_1_49' title='bbox 397 1145 609 1224; x_wconf 86' lang='lat' dir='ltr'><strong>cumulantque</strong></span> <span class='ocrx_word' id='word_1_50' title='bbox 623 1145 749 1204; x_wconf 86' lang='lat' dir='ltr'><strong>oneratis</strong></span> <span class='ocrx_word' id='word_1_51' title='bbox 764 1145 894 1205; x_wconf 88' lang='lat' dir='ltr'><strong>lancibus</strong></span> <span class='ocrx_word' id='word_1_52' title='bbox 910 1165 979 1204; x_wconf 86' lang='lat' dir='ltr'><strong>aras.</strong></span> 
     </span>
     <span class='ocr_line' id='line_1_10' title="bbox 181 1225 871 1286; baseline -0.001 -1"><span class='ocrx_word' id='word_1_53' title='bbox 181 1242 244 1286; x_wconf 88' lang='lat' dir='ltr'><strong>tum</strong></span> <span class='ocrx_word' id='word_1_54' title='bbox 260 1225 329 1284; x_wconf 88' lang='lat' dir='ltr'><strong>Salii</strong></span> <span class='ocrx_word' id='word_1_55' title='bbox 345 1226 381 1284; x_wconf 90' lang='lat' dir='ltr'><strong>ad</strong></span> <span class='ocrx_word' id='word_1_56' title='bbox 396 1240 496 1285; x_wconf 89' lang='lat' dir='ltr'><strong>cantus</strong></span> <span class='ocrx_word' id='word_1_57' title='bbox 512 1225 630 1284; x_wconf 91' lang='lat' dir='ltr'><strong>incensa</strong></span> <span class='ocrx_word' id='word_1_58' title='bbox 644 1226 745 1284; x_wconf 86' lang='lat' dir='ltr'><strong>altaria</strong></span> <span class='ocrx_word' id='word_1_59' title='bbox 759 1225 871 1285; x_wconf 89' lang='lat' dir='ltr'><strong>circum</strong></span> 
     </span>
     <span class='ocr_line' id='line_1_11' title="bbox 180 1307 821 1386; baseline -0.003 -20"><span class='ocrx_word' id='word_1_60' title='bbox 180 1307 313 1386; x_wconf 86' lang='lat' dir='ltr'><strong>populeis</strong></span> <span class='ocrx_word' id='word_1_61' title='bbox 327 1307 431 1364; x_wconf 85' lang='lat' dir='ltr'><strong>adsunt</strong></span> <span class='ocrx_word' id='word_1_62' title='bbox 446 1307 554 1364; x_wconf 89' lang='lat' dir='ltr'><strong>evincti</strong></span> <span class='ocrx_word' id='word_1_63' title='bbox 571 1322 701 1384; x_wconf 89' lang='lat' dir='ltr'><strong>tempora</strong></span> <span class='ocrx_word' id='word_1_64' title='bbox 715 1307 799 1365; x_wconf 89' lang='lat' dir='ltr'><strong>ramis</strong></span> <span class='ocrx_word' id='word_1_65' title='bbox 812 1333 821 1378; x_wconf 87' lang='lat'>;</span> 
     </span>
     <span class='ocr_line' id='line_1_12' title="bbox 181 1387 1046 1466; baseline -0.002 -20"><span class='ocrx_word' id='word_1_66' title='bbox 181 1388 252 1447; x_wconf 91' lang='lat' dir='ltr'><strong>hic&#39;</strong></span> <span class='ocrx_word' id='word_1_67' title='bbox 244 1407 384 1446; x_wconf 90' lang='lat' dir='ltr'><strong>ruvenum</strong></span> <span class='ocrx_word' id='word_1_68' title='bbox 395 1389 509 1460; x_wconf 87' lang='lat' dir='ltr'><strong>chorus,</strong></span> <span class='ocrx_word' id='word_1_69' title='bbox 525 1387 576 1446; x_wconf 91' lang='lat' dir='ltr'><strong>ille</strong></span> <span class='ocrx_word' id='word_1_70' title='bbox 593 1407 717 1459; x_wconf 89' lang='lat' dir='ltr'><strong>senum;</strong></span> <span class='ocrx_word' id='word_1_71' title='bbox 738 1387 788 1466; x_wconf 92' lang='lat' dir='ltr'><strong>qui</strong></span> <span class='ocrx_word' id='word_1_72' title='bbox 804 1387 932 1446; x_wconf 88' lang='lat' dir='ltr'><strong>carmine</strong></span> <span class='ocrx_word' id='word_1_73' title='bbox 946 1387 1046 1446; x_wconf 90' lang='lat' dir='ltr'><strong>laudes</strong></span> 
     </span>
     <span class='ocr_line' id='line_1_13' title="bbox 182 1468 935 1546; baseline 0 -20"><span class='ocrx_word' id='word_1_74' title='bbox 182 1468 344 1527; x_wconf 88' lang='lat' dir='ltr'><strong>Herculeas</strong></span> <span class='ocrx_word' id='word_1_75' title='bbox 359 1484 390 1526; x_wconf 89' lang='lat' dir='ltr'><strong>et</strong></span> <span class='ocrx_word' id='word_1_76' title='bbox 404 1469 482 1527; x_wconf 88' lang='lat' dir='ltr'><strong>facta</strong></span> <span class='ocrx_word' id='word_1_77' title='bbox 495 1469 616 1526; x_wconf 88' lang='lat' dir='ltr'><strong>ferunt:</strong></span> <span class='ocrx_word' id='word_1_78' title='bbox 638 1483 671 1526; x_wconf 90' lang='lat' dir='ltr'><strong>ut</strong></span> <span class='ocrx_word' id='word_1_79' title='bbox 686 1468 778 1546; x_wconf 87' lang='lat' dir='ltr'><strong>prima</strong></span> <span class='ocrx_word' id='word_1_80' title='bbox 794 1488 935 1526; x_wconf 88' lang='lat' dir='ltr'><strong>novercae</strong></span> 
     </span>
     <span class='ocr_line' id='line_1_14' title="bbox 181 1545 1029 1627; baseline -0.002 -19"><span class='ocrx_word' id='word_1_81' title='bbox 181 1565 309 1608; x_wconf 89' lang='lat' dir='ltr'><strong>monstra</strong></span> <span class='ocrx_word' id='word_1_82' title='bbox 324 1569 411 1608; x_wconf 90' lang='lat' dir='ltr'><strong>manu</strong></span> <span class='ocrx_word' id='word_1_83' title='bbox 426 1545 612 1627; x_wconf 85' lang='lat' dir='ltr'><strong>gemino&#39;sque</strong></span> <span class='ocrx_word' id='word_1_84' title='bbox 626 1569 762 1627; x_wconf 86' lang='lat' dir='ltr'><strong>premens</strong></span> <span class='ocrx_word' id='word_1_85' title='bbox 777 1548 885 1606; x_wconf 89' lang='lat' dir='ltr'><strong>eliserit</strong></span> <span class='ocrx_word' id='word_1_86' title='bbox 900 1568 1029 1624; x_wconf 88' lang='lat' dir='ltr'><strong>angues,</strong></span> 
     </span>
     <span class='ocr_line' id='line_1_15' title="bbox 182 1628 1047 1706; baseline -0.003 -18"><span class='ocrx_word' id='word_1_87' title='bbox 182 1645 215 1688; x_wconf 93' lang='lat' dir='ltr'><strong>ut</strong></span> <span class='ocrx_word' id='word_1_88' title='bbox 230 1628 309 1689; x_wconf 91' lang='lat' dir='ltr'><strong>bello</strong></span> <span class='ocrx_word' id='word_1_89' title='bbox 324 1630 450 1706; x_wconf 87' lang='lat' dir='ltr'><strong>egregias</strong></span> <span class='ocrx_word' id='word_1_90' title='bbox 464 1629 542 1688; x_wconf 91' lang='lat' dir='ltr'><strong>idem</strong></span> <span class='ocrx_word' id='word_1_91' title='bbox 557 1629 704 1688; x_wconf 90' lang='lat' dir='ltr'><strong>disiecerit</strong></span> <span class='ocrx_word' id='word_1_92' title='bbox 718 1630 811 1702; x_wconf 89' lang='lat' dir='ltr'><strong>urbes,</strong></span> <span class='ocrx_word' id='word_1_93' title='bbox 1010 1659 1047 1697; x_wconf 74' lang='lat'><strong>290</strong></span> 
     </span>
     <span class='ocr_line' id='line_1_16' title="bbox 182 1709 1007 1789; baseline -0.002 -21"><span class='ocrx_word' id='word_1_94' title='bbox 182 1709 361 1789; x_wconf 88' lang='lat' dir='ltr'><strong>Troiamque</strong></span> <span class='ocrx_word' id='word_1_95' title='bbox 376 1711 607 1789; x_wconf 78' lang='lat' dir='ltr'><strong>Oechaliamque</strong></span> <span class='ocrx_word' id='word_1_96' title='bbox 620 1735 629 1781; x_wconf 93' lang='lat'>;</span> <span class='ocrx_word' id='word_1_97' title='bbox 652 1726 684 1769; x_wconf 89' lang='lat' dir='ltr'><strong>ut</strong></span> <span class='ocrx_word' id='word_1_98' title='bbox 699 1711 785 1769; x_wconf 90' lang='lat' dir='ltr'><strong>duros</strong></span> <span class='ocrx_word' id='word_1_99' title='bbox 800 1709 882 1768; x_wconf 90' lang='lat' dir='ltr'><strong>mille</strong></span> <span class='ocrx_word' id='word_1_100' title='bbox 897 1710 1007 1768; x_wconf 89' lang='lat' dir='ltr'><strong>labores</strong></span> 
     </span>
     <span class='ocr_line' id='line_1_17' title="bbox 180 1790 862 1868; baseline -0.001 -19"><span class='ocrx_word' id='word_1_101' title='bbox 180 1811 248 1866; x_wconf 88' lang='lat' dir='ltr'><strong>rege</strong></span> <span class='ocrx_word' id='word_1_102' title='bbox 262 1791 316 1850; x_wconf 87' lang='lat' dir='ltr'><strong>sub</strong></span> <span class='ocrx_word' id='word_1_103' title='bbox 330 1791 502 1868; x_wconf 88' lang='lat' dir='ltr'><strong>Eurystheo,</strong></span> <span class='ocrx_word' id='word_1_104' title='bbox 517 1792 583 1849; x_wconf 89' lang='lat' dir='ltr'><strong>fatis</strong></span> <span class='ocrx_word' id='word_1_105' title='bbox 599 1791 721 1849; x_wconf 91' lang='lat' dir='ltr'><strong>lunonis</strong></span> <span class='ocrx_word' id='word_1_106' title='bbox 736 1790 862 1868; x_wconf 88' lang='lat' dir='ltr'><strong>iniquae,</strong></span> 
     </span>
     <span class='ocr_line' id='line_1_18' title="bbox 181 1869 948 1950; baseline -0.003 -21"><span class='ocrx_word' id='word_1_107' title='bbox 181 1871 345 1950; x_wconf 88' lang='lat' dir='ltr'><strong>pertulerit.</strong></span> <span class='ocrx_word' id='word_1_108' title='bbox 388 1877 437 1930; x_wconf 89' lang='lat' dir='ltr'><strong>‘tu</strong></span> <span class='ocrx_word' id='word_1_109' title='bbox 454 1872 623 1947; x_wconf 79' lang='lat' dir='ltr'><strong>nubigenas,</strong></span> <span class='ocrx_word' id='word_1_110' title='bbox 638 1871 758 1942; x_wconf 87' lang='lat' dir='ltr'><strong>invicte,</strong></span> <span class='ocrx_word' id='word_1_111' title='bbox 773 1869 948 1929; x_wconf 85' lang='lat' dir='ltr'><strong>bimembres</strong></span> 
     </span>
     <span class='ocr_line' id='line_1_19' title="bbox 182 1950 984 2030; baseline -0.004 -19"><span class='ocrx_word' id='word_1_112' title='bbox 182 1952 389 2030; x_wconf 90' lang='lat' dir='ltr'><strong>Hylaeumque</strong></span> <span class='ocrx_word' id='word_1_113' title='bbox 405 1952 589 2029; x_wconf 89' lang='lat' dir='ltr'><strong>Pholumque</strong></span> <span class='ocrx_word' id='word_1_114' title='bbox 602 1971 701 2023; x_wconf 87' lang='lat' dir='ltr'><strong>manu,</strong></span> <span class='ocrx_word' id='word_1_115' title='bbox 717 1965 748 2008; x_wconf 90' lang='lat' dir='ltr'><strong>tu</strong></span> <span class='ocrx_word' id='word_1_116' title='bbox 764 1950 863 2008; x_wconf 87' lang='lat' dir='ltr'><strong>Cresia</strong></span> <span class='ocrx_word' id='word_1_117' title='bbox 877 1965 984 2009; x_wconf 87' lang='lat' dir='ltr'><strong>mactas</strong></span> 
     </span>
     <span class='ocr_line' id='line_1_20' title="bbox 181 2031 917 2112; baseline -0.001 -21"><span class='ocrx_word' id='word_1_118' title='bbox 181 2033 321 2112; x_wconf 86' lang='lat' dir='ltr'><strong>prodigia,</strong></span> <span class='ocrx_word' id='word_1_119' title='bbox 337 2048 366 2091; x_wconf 93' lang='lat' dir='ltr'><strong>et</strong></span> <span class='ocrx_word' id='word_1_120' title='bbox 380 2047 493 2091; x_wconf 88' lang='lat' dir='ltr'><strong>vastum</strong></span> <span class='ocrx_word' id='word_1_121' title='bbox 509 2031 623 2090; x_wconf 89' lang='lat' dir='ltr'><strong>Nemea</strong></span> <span class='ocrx_word' id='word_1_122' title='bbox 637 2031 691 2089; x_wconf 88' lang='lat' dir='ltr'><strong>sub</strong></span> <span class='ocrx_word' id='word_1_123' title='bbox 705 2051 777 2108; x_wconf 90' lang='lat' dir='ltr'><strong>rupe</strong></span> <span class='ocrx_word' id='word_1_124' title='bbox 791 2032 917 2090; x_wconf 86' lang='lat' dir='ltr'><strong>leonem.</strong></span> 
     </span>
     <span class='ocr_line' id='line_1_21' title="bbox 183 2111 838 2190; baseline -0.006 -18"><span class='ocrx_word' id='word_1_125' title='bbox 183 2129 212 2172; x_wconf 94' lang='lat' dir='ltr'><strong>te</strong></span> <span class='ocrx_word' id='word_1_126' title='bbox 228 2114 319 2190; x_wconf 85' lang='lat' dir='ltr'><strong>Stygii</strong></span> <span class='ocrx_word' id='word_1_127' title='bbox 336 2129 479 2171; x_wconf 89' lang='lat' dir='ltr'><strong>tremuere</strong></span> <span class='ocrx_word' id='word_1_128' title='bbox 495 2113 584 2184; x_wconf 87' lang='lat' dir='ltr'><strong>lacus,</strong></span> <span class='ocrx_word' id='word_1_129' title='bbox 601 2127 630 2171; x_wconf 90' lang='lat' dir='ltr'><strong>te</strong></span> <span class='ocrx_word' id='word_1_130' title='bbox 644 2111 752 2170; x_wconf 86' lang='lat' dir='ltr'><strong>ianitor</strong></span> <span class='ocrx_word' id='word_1_131' title='bbox 767 2111 838 2170; x_wconf 90' lang='lat' dir='ltr'><strong>Orci</strong></span> 
     </span>
     <span class='ocr_line' id='line_1_22' title="bbox 182 2193 879 2271; baseline -0.006 -17"><span class='ocrx_word' id='word_1_132' title='bbox 182 2215 243 2254; x_wconf 86' lang='lat' dir='ltr'><strong>ossa</strong></span> <span class='ocrx_word' id='word_1_133' title='bbox 258 2213 343 2271; x_wconf 88' lang='lat' dir='ltr'><strong>super</strong></span> <span class='ocrx_word' id='word_1_134' title='bbox 357 2193 497 2251; x_wconf 89' lang='lat' dir='ltr'><strong>recubans</strong></span> <span class='ocrx_word' id='word_1_135' title='bbox 513 2207 597 2251; x_wconf 87' lang='lat' dir='ltr'><strong>antro</strong></span> <span class='ocrx_word' id='word_1_136' title='bbox 612 2212 720 2251; x_wconf 90' lang='lat' dir='ltr'><strong>semesa</strong></span> <span class='ocrx_word' id='word_1_137' title='bbox 735 2207 879 2264; x_wconf 92' lang='lat' dir='ltr'><strong>cruento,</strong></span> 
     </span>
     <span class='ocr_line' id='line_1_23' title="bbox 166 2272 931 2362; baseline -0.004 -27"><span class='ocrx_word' id='word_1_138' title='bbox 166 2295 237 2362; x_wconf 34' lang='lat' dir='ltr'><strong>‘nec</strong></span> <span class='ocrx_word' id='word_1_139' title='bbox 254 2289 282 2332; x_wconf 87' lang='lat' dir='ltr'><strong>te</strong></span> <span class='ocrx_word' id='word_1_140' title='bbox 298 2273 376 2332; x_wconf 88' lang='lat' dir='ltr'><strong>ullae</strong></span> <span class='ocrx_word' id='word_1_141' title='bbox 390 2273 486 2346; x_wconf 90' lang='lat' dir='ltr'><strong>facies,</strong></span> <span class='ocrx_word' id='word_1_142' title='bbox 502 2293 561 2332; x_wconf 91' lang='lat' dir='ltr'><strong>non</strong></span> <span class='ocrx_word' id='word_1_143' title='bbox 578 2273 682 2332; x_wconf 89' lang='lat' dir='ltr'><strong>terruit</strong></span> <span class='ocrx_word' id='word_1_144' title='bbox 694 2273 756 2352; x_wconf 91' lang='lat' dir='ltr'><strong>ipse</strong></span> <span class='ocrx_word' id='word_1_145' title='bbox 771 2272 931 2351; x_wconf 84' lang='lat' dir='ltr'><strong>Typhoeus</strong></span> 
     </span>
     <span class='ocr_line' id='line_1_24' title="bbox 181 2353 929 2429; baseline -0.001 -15"><span class='ocrx_word' id='word_1_146' title='bbox 181 2356 286 2415; x_wconf 85' lang='lat' dir='ltr'><strong>arduus</strong></span> <span class='ocrx_word' id='word_1_147' title='bbox 301 2374 379 2413; x_wconf 89' lang='lat' dir='ltr'><strong>arma</strong></span> <span class='ocrx_word' id='word_1_148' title='bbox 394 2369 519 2426; x_wconf 83' lang='lat' dir='ltr'><strong>tenens3</strong></span> <span class='ocrx_word' id='word_1_149' title='bbox 541 2375 600 2412; x_wconf 90' lang='lat' dir='ltr'><strong>non</strong></span> <span class='ocrx_word' id='word_1_150' title='bbox 616 2369 645 2412; x_wconf 90' lang='lat' dir='ltr'><strong>te</strong></span> <span class='ocrx_word' id='word_1_151' title='bbox 660 2353 779 2412; x_wconf 91' lang='lat' dir='ltr'><strong>rationis</strong></span> <span class='ocrx_word' id='word_1_152' title='bbox 795 2369 929 2429; x_wconf 84' lang='lat' dir='ltr'><strong>egentem</strong></span> 
     </span>
     <span class='ocr_line' id='line_1_25' title="bbox 181 2433 1048 2514; baseline -0.003 -19"><span class='ocrx_word' id='word_1_153' title='bbox 181 2438 330 2496; x_wconf 86' lang='lat' dir='ltr'><strong>Lernaeus</strong></span> <span class='ocrx_word' id='word_1_154' title='bbox 346 2433 429 2494; x_wconf 85' lang='lat' dir='ltr'><strong>turba</strong></span> <span class='ocrx_word' id='word_1_155' title='bbox 443 2435 572 2514; x_wconf 87' lang='lat' dir='ltr'><strong>capitum</strong></span> <span class='ocrx_word' id='word_1_156' title='bbox 588 2435 782 2494; x_wconf 88' lang='lat' dir='ltr'><strong>circumstetit</strong></span> <span class='ocrx_word' id='word_1_157' title='bbox 797 2434 905 2509; x_wconf 87' lang='lat' dir='ltr'><strong>anguis.</strong></span> <span class='ocrx_word' id='word_1_158' title='bbox 1010 2465 1048 2503; x_wconf 83' lang='lat'><strong>300</strong></span> 
     </span>
     <span class='ocr_line' id='line_1_26' title="bbox 182 2515 877 2594; baseline -0.004 -18"><span class='ocrx_word' id='word_1_159' title='bbox 182 2518 269 2590; x_wconf 91' lang='lat' dir='ltr'><strong>salve,</strong></span> <span class='ocrx_word' id='word_1_160' title='bbox 285 2537 352 2575; x_wconf 90' lang='lat' dir='ltr'><strong>vera</strong></span> <span class='ocrx_word' id='word_1_161' title='bbox 367 2516 444 2574; x_wconf 91' lang='lat' dir='ltr'><strong>Iovis</strong></span> <span class='ocrx_word' id='word_1_162' title='bbox 458 2517 561 2594; x_wconf 84' lang='lat' dir='ltr'><strong>proles,</strong></span> <span class='ocrx_word' id='word_1_163' title='bbox 578 2516 666 2574; x_wconf 91' lang='lat' dir='ltr'><strong>decus</strong></span> <span class='ocrx_word' id='word_1_164' title='bbox 682 2515 780 2574; x_wconf 87' lang='lat' dir='ltr'><strong>addite</strong></span> <span class='ocrx_word' id='word_1_165' title='bbox 796 2515 877 2585; x_wconf 87' lang='lat' dir='ltr'><strong>divis,</strong></span> 
     </span>
     <span class='ocr_line' id='line_1_27' title="bbox 183 2596 909 2675; baseline -0.003 -19"><span class='ocrx_word' id='word_1_166' title='bbox 183 2613 212 2656; x_wconf 89' lang='lat' dir='ltr'><strong>et</strong></span> <span class='ocrx_word' id='word_1_167' title='bbox 227 2619 277 2656; x_wconf 91' lang='lat' dir='ltr'><strong>nos</strong></span> <span class='ocrx_word' id='word_1_168' title='bbox 293 2612 322 2656; x_wconf 92' lang='lat' dir='ltr'><strong>et</strong></span> <span class='ocrx_word' id='word_1_169' title='bbox 337 2612 386 2657; x_wconf 86' lang='lat' dir='ltr'><strong>tua</strong></span> <span class='ocrx_word' id='word_1_170' title='bbox 399 2598 502 2656; x_wconf 86' lang='lat' dir='ltr'><strong>dexter</strong></span> <span class='ocrx_word' id='word_1_171' title='bbox 516 2597 562 2655; x_wconf 90' lang='lat' dir='ltr'><strong>adi</strong></span> <span class='ocrx_word' id='word_1_172' title='bbox 577 2598 653 2675; x_wconf 91' lang='lat' dir='ltr'><strong>pede</strong></span> <span class='ocrx_word' id='word_1_173' title='bbox 668 2617 746 2655; x_wconf 89' lang='lat' dir='ltr'><strong>sacra</strong></span> <span class='ocrx_word' id='word_1_174' title='bbox 761 2596 909 2656; x_wconf 88' lang='lat' dir='ltr'><strong>secundo.’</strong></span> 
     </span>
     <span class='ocr_line' id='line_1_28' title="bbox 182 2675 934 2756; baseline -0.004 -19"><span class='ocrx_word' id='word_1_175' title='bbox 182 2679 251 2737; x_wconf 85' lang='lat' dir='ltr'><strong>talia</strong></span> <span class='ocrx_word' id='word_1_176' title='bbox 265 2677 440 2738; x_wconf 87' lang='lat' dir='ltr'><strong>carminibus</strong></span> <span class='ocrx_word' id='word_1_177' title='bbox 456 2678 628 2749; x_wconf 88' lang='lat' dir='ltr'><strong>celebrant;</strong></span> <span class='ocrx_word' id='word_1_178' title='bbox 650 2677 847 2756; x_wconf 90' lang='lat' dir='ltr'><strong>superomnia</strong></span> <span class='ocrx_word' id='word_1_179' title='bbox 863 2675 934 2736; x_wconf 82' lang='lat' dir='ltr'><strong>Caci</strong></span> 
     </span>
     <span class='ocr_line' id='line_1_29' title="bbox 181 2757 986 2837; baseline -0.002 -19"><span class='ocrx_word' id='word_1_180' title='bbox 181 2761 351 2837; x_wconf 88' lang='lat' dir='ltr'><strong>speluncam</strong></span> <span class='ocrx_word' id='word_1_181' title='bbox 366 2759 506 2832; x_wconf 86' lang='lat' dir='ltr'><strong>adiciunt,</strong></span> <span class='ocrx_word' id='word_1_182' title='bbox 522 2759 738 2837; x_wconf 87' lang='lat' dir='ltr'><strong>spirantemque</strong></span> <span class='ocrx_word' id='word_1_183' title='bbox 753 2759 867 2836; x_wconf 86' lang='lat' dir='ltr'><strong>ignibus</strong></span> <span class='ocrx_word' id='word_1_184' title='bbox 881 2757 986 2836; x_wconf 89' lang='lat' dir='ltr'><strong>ipsum.</strong></span> 
     </span>
     <span class='ocr_line' id='line_1_30' title="bbox 182 2839 1017 2918; baseline -0.004 -18"><span class='ocrx_word' id='word_1_185' title='bbox 182 2855 324 2900; x_wconf 88' lang='lat' dir='ltr'><strong>consonat</strong></span> <span class='ocrx_word' id='word_1_186' title='bbox 337 2860 424 2899; x_wconf 91' lang='lat' dir='ltr'><strong>omne</strong></span> <span class='ocrx_word' id='word_1_187' title='bbox 440 2861 542 2898; x_wconf 90' lang='lat' dir='ltr'><strong>nemus</strong></span> <span class='ocrx_word' id='word_1_188' title='bbox 557 2840 689 2918; x_wconf 90' lang='lat' dir='ltr'><strong>strepitu,</strong></span> <span class='ocrx_word' id='word_1_189' title='bbox 705 2840 852 2918; x_wconf 88' lang='lat' dir='ltr'><strong>collesque</strong></span> <span class='ocrx_word' id='word_1_190' title='bbox 867 2839 1017 2897; x_wconf 90' lang='lat' dir='ltr'><strong>resultant.</strong></span> 
     </span>
     <span class='ocr_line' id='line_1_31' title="bbox 223 2921 839 2980; baseline -0.003 -1"><span class='ocrx_word' id='word_1_191' title='bbox 223 2921 291 2979; x_wconf 88' lang='lat' dir='ltr'><strong>exin</strong></span> <span class='ocrx_word' id='word_1_192' title='bbox 306 2941 335 2979; x_wconf 90' lang='lat' dir='ltr'><strong>se</strong></span> <span class='ocrx_word' id='word_1_193' title='bbox 351 2921 450 2980; x_wconf 86' lang='lat' dir='ltr'><strong>cuncti</strong></span> <span class='ocrx_word' id='word_1_194' title='bbox 465 2921 571 2979; x_wconf 86' lang='lat' dir='ltr'><strong>divinis</strong></span> <span class='ocrx_word' id='word_1_195' title='bbox 587 2921 671 2979; x_wconf 90' lang='lat' dir='ltr'><strong>rebus</strong></span> <span class='ocrx_word' id='word_1_196' title='bbox 687 2921 722 2979; x_wconf 92' lang='lat' dir='ltr'><strong>ad</strong></span> <span class='ocrx_word' id='word_1_197' title='bbox 739 2921 839 2978; x_wconf 91' lang='lat' dir='ltr'><strong>urbem</strong></span> 
     </span>
     <span class='ocr_line' id='line_1_32' title="bbox 180 3001 860 3080; baseline -0.003 -20"><span class='ocrx_word' id='word_1_198' title='bbox 180 3001 319 3080; x_wconf 87' lang='lat' dir='ltr'><strong>perfectis</strong></span> <span class='ocrx_word' id='word_1_199' title='bbox 334 3002 474 3062; x_wconf 87' lang='lat' dir='ltr'><strong>referunt.</strong></span> <span class='ocrx_word' id='word_1_200' title='bbox 515 3002 576 3060; x_wconf 82' lang='lat' dir='ltr'><strong>ibat</strong></span> <span class='ocrx_word' id='word_1_201' title='bbox 589 3023 640 3060; x_wconf 81' lang='lat' dir='ltr'><strong>rex</strong></span> <span class='ocrx_word' id='word_1_202' title='bbox 656 3001 766 3060; x_wconf 89' lang='lat' dir='ltr'><strong>obsitus</strong></span> <span class='ocrx_word' id='word_1_203' title='bbox 780 3021 860 3072; x_wconf 87' lang='lat' dir='ltr'><strong>aevo,</strong></span> 
     </span>
     <span class='ocr_line' id='line_1_33' title="bbox 183 3082 903 3160; baseline -0.003 -19"><span class='ocrx_word' id='word_1_204' title='bbox 183 3097 213 3141; x_wconf 91' lang='lat' dir='ltr'><strong>et</strong></span> <span class='ocrx_word' id='word_1_205' title='bbox 227 3082 365 3141; x_wconf 90' lang='lat' dir='ltr'><strong>comitem</strong></span> <span class='ocrx_word' id='word_1_206' title='bbox 379 3084 500 3142; x_wconf 86' lang='lat' dir='ltr'><strong>Aenean</strong></span> <span class='ocrx_word' id='word_1_207' title='bbox 515 3083 596 3141; x_wconf 85' lang='lat' dir='ltr'><strong>iuxta</strong></span> <span class='ocrx_word' id='word_1_208' title='bbox 612 3097 769 3160; x_wconf 86' lang='lat' dir='ltr'><strong>natumque</strong></span> <span class='ocrx_word' id='word_1_209' title='bbox 785 3082 903 3139; x_wconf 89' lang='lat' dir='ltr'><strong>tenebat</strong></span> 
     </span>
     <span class='ocr_line' id='line_1_34' title="bbox 182 3162 882 3255; baseline -0.001 -34"><span class='ocrx_word' id='word_1_210' title='bbox 182 3162 357 3255; x_wconf 83' lang='lat' dir='ltr'><strong>ingrediens,</strong></span> <span class='ocrx_word' id='word_1_211' title='bbox 371 3163 506 3242; x_wconf 88' lang='lat' dir='ltr'><strong>varioque</strong></span> <span class='ocrx_word' id='word_1_212' title='bbox 520 3164 597 3221; x_wconf 90' lang='lat' dir='ltr'><strong>viam</strong></span> <span class='ocrx_word' id='word_1_213' title='bbox 612 3182 745 3222; x_wconf 91' lang='lat' dir='ltr'><strong>sermone</strong></span> <span class='ocrx_word' id='word_1_214' title='bbox 760 3163 882 3221; x_wconf 85' lang='lat' dir='ltr'><strong>levabat.</strong></span> 
     </span>
     <span class='ocr_line' id='line_1_35' title="bbox 182 3243 1048 3336; baseline -0.005 -34"><span class='ocrx_word' id='word_1_215' title='bbox 182 3244 304 3303; x_wconf 86' lang='lat' dir='ltr'><strong>miratur</strong></span> <span class='ocrx_word' id='word_1_216' title='bbox 318 3243 474 3336; x_wconf 82' lang='lat' dir='ltr'><strong>facilesque</strong></span> <span class='ocrx_word' id='word_1_217' title='bbox 489 3245 588 3302; x_wconf 92' lang='lat' dir='ltr'><strong>oculos</strong></span> <span class='ocrx_word' id='word_1_218' title='bbox 603 3244 660 3302; x_wconf 91' lang='lat' dir='ltr'><strong>fert</strong></span> <span class='ocrx_word' id='word_1_219' title='bbox 674 3243 772 3301; x_wconf 83' lang='lat' dir='ltr'><strong>omnia</strong></span> <span class='ocrx_word' id='word_1_220' title='bbox 787 3243 897 3302; x_wconf 90' lang='lat' dir='ltr'><strong>circum</strong></span> <span class='ocrx_word' id='word_1_221' title='bbox 1010 3271 1048 3310; x_wconf 84' lang='lat'><strong>310</strong></span> 
     </span>
     <span class='ocr_line' id='line_1_36' title="bbox 181 3323 866 3402; baseline 0.001 -20"><span class='ocrx_word' id='word_1_222' title='bbox 181 3325 305 3397; x_wconf 85' lang='lat' dir='ltr'><strong>Aeneas,</strong></span> <span class='ocrx_word' id='word_1_223' title='bbox 321 3323 493 3402; x_wconf 89' lang='lat' dir='ltr'><strong>capiturque</strong></span> <span class='ocrx_word' id='word_1_224' title='bbox 508 3325 587 3396; x_wconf 89' lang='lat' dir='ltr'><strong>locis,</strong></span> <span class='ocrx_word' id='word_1_225' title='bbox 603 3339 633 3382; x_wconf 92' lang='lat' dir='ltr'><strong>et</strong></span> <span class='ocrx_word' id='word_1_226' title='bbox 647 3323 760 3400; x_wconf 87' lang='lat' dir='ltr'><strong>singula</strong></span> <span class='ocrx_word' id='word_1_227' title='bbox 774 3325 866 3383; x_wconf 89' lang='lat' dir='ltr'><strong>laetus</strong></span> 
     </span>
     <span class='ocr_line' id='line_1_37' title="bbox 183 3404 976 3485; baseline -0.001 -22"><span class='ocrx_word' id='word_1_228' title='bbox 183 3405 367 3485; x_wconf 85' lang='lat' dir='ltr'><strong>exquiritque</strong></span> <span class='ocrx_word' id='word_1_229' title='bbox 382 3405 561 3484; x_wconf 85' lang='lat' dir='ltr'><strong>auditque</strong></span> <span class='ocrx_word' id='word_1_230' title='bbox 534 3424 629 3463; x_wconf 78' lang='lat' dir='ltr'><strong>virum</strong></span> <span class='ocrx_word' id='word_1_231' title='bbox 644 3404 824 3464; x_wconf 88' lang='lat' dir='ltr'><strong>monimenta</strong></span> <span class='ocrx_word' id='word_1_232' title='bbox 838 3405 976 3483; x_wconf 89' lang='lat' dir='ltr'><strong>priorum.</strong></span> 
     </span>
    </p>
   </div>
   <div class='ocr_carea' id='block_1_3' title="bbox 507 3504 681 3565">
    <p class='ocr_par' dir='ltr' id='par_1_3' title="bbox 507 3504 681 3565">
     <span class='ocr_line' id='line_1_38' title="bbox 507 3504 681 3565; baseline 0 -15"><span class='ocrx_word' id='word_1_233' title='bbox 507 3515 552 3565; x_wconf 82' lang='lat'><strong>295</strong></span> <span class='ocrx_word' id='word_1_234' title='bbox 571 3504 681 3552; x_wconf 85' lang='lat' dir='ltr'><strong>Nemeae.</strong></span> 
     </span>
    </p>
   </div>
   <div class='ocr_carea' id='block_1_4' title="bbox 0 30 1291 4114">
    <p class='ocr_par' dir='ltr' id='par_1_4' title="bbox 0 30 1291 4114">
     <span class='ocr_line' id='line_1_39' title="bbox 0 30 1291 4114; baseline 0 0"><span class='ocrx_word' id='word_1_235' title='bbox 0 30 1291 4114; x_wconf 95' lang='lat' dir='ltr'><strong> </strong></span> 
     </span>
    </p>
   </div>
  </div>
 </body>
</html>
