2558 4112
250 355 280 404 82

520 358 547 406 P.
565 353 708 404 VERGlLI
726 357 883 433 MARONJS

288 494 352 572 quis
367 493 503 552 dubitet?
525 513 593 550 nam
608 512 692 570 saepe
707 492 784 550 favos
800 492 913 569 ignotus
929 493 1026 552 adedit

288 575 384 634 stellio
399 591 428 633 et
442 573 576 649 lucifugis
591 589 725 650 congesta
740 573 848 632 cubilia
861 574 969 647 blattis,

287 654 473 733 inmunisque
487 655 588 713 sedens
604 654 698 713 aliena
712 654 748 713 ad
761 655 866 732 pabula
880 654 963 713 fucus
975 681 984 726 ;

287 752 336 796 aut
351 757 431 814 asper
446 736 547 795 crabro
561 734 707 814 inparibus
722 755 752 793 se
767 735 915 794 inmiscuit
930 736 1024 808 armis,

288 833 338 876 aut
352 818 447 876 dirum
463 817 557 874 tineae
571 836 670 892 genus,
687 832 734 875 aut
749 815 840 874 invisa
856 816 1011 876 Minervae

286 900 365 958 laxos
380 898 411 956 in
426 897 535 956 foribus
550 897 700 975 suspendit
714 917 817 955 aranea
831 918 932 956 casses.

286 1001 345 1058 quo
358 979 446 1054 magis
461 979 614 1036 exhaustae
630 978 748 1051 fuerint,
763 979 819 1036 hoc
835 978 927 1036 acrius
942 999 1043 1038 ornnes

286 1059 459 1118 incumbent
473 1059 584 1135 generis
599 1059 670 1136 lapsi
686 1059 788 1118 sarcire
801 1059 907 1133 ruinas,

287 1141 546 1234 complebuntque
548 1141 624 1198 foros
640 1155 669 1199 et
684 1139 800 1198 floribus
815 1142 916 1199 horrea
932 1155 1041 1201 terent.
1117 1170 1156 1208 250

327 1222 350 1280 si
365 1242 442 1293 vero,
458 1221 595 1315 quoniam
610 1242 689 1281 casus
703 1220 803 1298 apibus
819 1242 934 1300 quoque
949 1237 1059 1280 nostros

285 1303 346 1360 vita
361 1302 438 1372 tulit,
455 1302 526 1360 tristi
542 1302 724 1376 languebunt
737 1322 856 1380 corpora
870 1303 1012 1361 morbo-

286 1382 386 1461 quod
379 1403 436 1440 ram
452 1403 511 1440 non
526 1382 620 1441 dubiis
635 1382 743 1460 poteris
758 1402 932 1459 cognoscere
947 1383 1050 1459 signis:

286 1463 427 1522 continuo
442 1478 484 1521 est
499 1463 587 1538 aegris
602 1463 673 1521 alius
689 1463 789 1534 color3
810 1463 925 1522 horrida
939 1465 1054 1523 vultum

285 1545 428 1602 deformat
442 1543 547 1601 macies
560 1568 570 1614 3
592 1559 654 1601 tum
670 1565 787 1620 corpora
802 1544 869 1603 luce
884 1560 1033 1603 carentum

286 1639 439 1703 exportant
454 1624 536 1682 tectis
551 1640 580 1682 et
595 1624 686 1682 tristia
701 1624 803 1683 funera
818 1625 950 1693 ducunt3

286 1721 336 1764 aut
350 1705 417 1763 illae
432 1705 553 1782 pedibus
568 1725 696 1764 conexae
712 1706 748 1764 ad
763 1705 863 1764 limina
876 1706 1014 1784 pendent,

286 1801 335 1844 aut
349 1787 426 1845 intus
441 1786 544 1845 clausis
560 1801 738 1845 cunctantur
752 1786 782 1844 in
798 1787 923 1858 aedibus,
937 1807 1037 1846 ornnes

285 1867 462 1945 ignavaeque
478 1866 554 1926 fame
569 1883 598 1925 et
613 1882 764 1926 contracto
777 1868 882 1943 frigore
897 1867 991 1945 pigrae
1004 1893 1014 1940 3

286 1964 348 2006 tum
363 1969 449 2006 sonus
464 1947 580 2006 auditur
595 1947 707 2024 gravior
722 1948 893 2026 tractimque
908 1965 1062 2022 susurrant,
1116 1967 1154 2009 aso

285 2027 405 2103 frigidus
420 2044 452 2086 ut
467 2028 613 2106 quondam
629 2029 706 2087 silvis
721 2029 912 2088 inmurmurat
926 2029 1042 2102 Auster,

285 2124 318 2167 ut
332 2129 410 2167 mare
425 2109 582 2168 sollicitum
598 2109 693 2168 stridit
708 2109 895 2168 refluentibus
910 2109 1004 2183 undis,

214 2241 219 2252 „
285 2204 394 2248 aestuat
408 2205 440 2247 ut
455 2189 557 2248 clausis
572 2190 688 2267 rapidus
704 2191 868 2250 fornacibus
883 2190 998 2267 ignis-

284 2270 332 2329 hic
347 2270 404 2328 iam
418 2271 572 2346 galbaneos
588 2273 714 2330 suadebo
730 2271 886 2330 incendere
901 2273 1001 2331 odores

284 2351 429 2431 mellaque
443 2352 632 2410 harundineis
648 2352 757 2410 inferre
772 2353 927 2422 canalibus,
944 2354 1021 2412 ultro

284 2433 449 2491 hortantem
464 2449 493 2490 et
507 2433 591 2491 fessas
608 2435 644 2491 ad
658 2433 765 2510 pabula
780 2449 849 2491 nota
863 2449 1025 2492 vocantem.

283 2513 411 2590 proderit
426 2527 455 2572 et
470 2529 587 2572 tunsum
602 2514 694 2590 gallae
710 2513 866 2572 admiscere
881 2534 1011 2591 saporem

284 2611 453 2673 arentesque
466 2615 550 2666 rosas,
565 2610 616 2653 aut
631 2595 690 2670 igni
705 2594 826 2672 pinguia
840 2595 932 2653 multo

283 2674 405 2746 defruta,
421 2675 467 2733 vel
484 2675 593 2733 Psithia
607 2696 702 2752 passos
717 2675 754 2734 de
769 2676 829 2734 vite
843 2695 979 2748 racemos,

284 2754 519 2835 Cecropiumque
535 2757 669 2832 thymum
684 2771 714 2815 et
728 2776 812 2832 grave
826 2755 936 2815 olentia
951 2771 1117 2815 centaurea.

285 2851 327 2893 est
341 2836 428 2894 etiam
442 2835 494 2894 flos
510 2836 540 2894 in
554 2836 652 2914 pratis,
668 2837 715 2895 cui
732 2857 840 2896 nomen
855 2837 961 2896 amello
1113 2866 1150 2904 ηι

284 2915 380 2974 fecere
395 2917 546 2993 agricolae,
563 2917 656 2976 facilis
673 2918 877 2996 quaerentibus
892 2919 980 2976 herba
989 2943 999 2990 ;

284 3015 410 3074 namque
424 3017 483 3056 uno
498 2998 649 3074 ingentem
666 2997 744 3056 tollit
758 2999 796 3056 de
811 2998 936 3076 caespite
951 2998 1064 3068 silvam,

283 3095 383 3134 aureus
399 3076 469 3154 ipse,
485 3078 580 3137 sedin
596 3079 683 3149 foliis,
698 3099 772 3156 quae
786 3078 952 3156 plurima
926 3099 1036 3137 circum

283 3155 456 3230 funduntur,
471 3159 566 3217 violae
581 3159 715 3218 sublucet
729 3180 855 3235 purpura
870 3160 986 3235 nigrae3

283 3256 368 3313 saepe
382 3236 470 3296 deum
486 3239 567 3298 nexis
583 3255 701 3298 ornatae
715 3239 864 3317 torquibus
879 3261 961 3311 arae;

283 3335 365 3394 asper
378 3315 409 3374 in
424 3337 474 3377 ore
489 3339 590 3397 sapor;
611 3320 699 3378 tonsis
714 3319 745 3378 in
760 3319 884 3378 vallibus
898 3320 984 3379 illum

588 3424 635 3476 259
652 3427 786 3476 ΙΕΜἨΨ·
