2558 4112
228 351 272 397 140
500 337 528 386 P.
545 333 688 386 VERGILI
706 336 863 386 Maaonus

268 466 409 544 aggeritur
424 465 537 526 tumulo
553 467 660 537 tellus;
681 481 758 525 stant
773 464 911 524 Manibus
926 485 990 525 arae

267 547 406 608 caeruleis
421 562 544 606 maestae
558 547 637 606 vittis
652 562 769 626 atraque
784 567 926 626 cupresso,

267 645 297 688 et
311 629 422 688 circum
437 628 544 687 Iliades
559 628 671 688 crinem
685 627 722 686 de
736 647 816 686 more
831 627 964 686 solutae·
954 671 965 699 ,

267 710 419 802 inferimus
435 708 534 787 tepido
549 707 712 787 spumantia
727 707 842 784 cymbia
856 709 942 780 lacte,

267 789 413 866 sanguinis
428 805 458 849 et
473 789 544 848 sacri
558 805 679 867 pateras,
695 789 881 866 animamque
895 789 1049 866 sepulchro

267 871 419 931 condimus
435 885 464 928 et
479 891 583 945 magna
597 889 764 948 supremum
778 889 850 928 voce
865 869 983 928 ciemus.

266 953 336 1010 inde
350 951 400 1010 ubi
415 951 508 1029 prima
522 951 592 1010 fides
607 951 719 1028 pelago,
733 951 904 1028 placataque
919 949 1000 1008 venti

266 1033 338 1092 dant
372 1032 462 1091 maria
497 1046 527 1090 et
559 1031 634 1090 lenis
669 1031 814 1109 crepitans
841 1045 926 1089 vocat
962 1033 1069 1090 Auster
1103 1030 1137 1090 in

347 1115 449 1184 altum,
1111 1141 1139 1181 70

266 1195 418 1253 deducunt
433 1193 502 1252 socii
518 1214 605 1252 naves
620 1209 650 1251 et
664 1193 750 1251 litora
765 1193 924 1271 complent

265 1274 454 1353 provehimur
470 1289 567 1352 portu,
583 1289 732 1352 terraeque
747 1273 889 1351 urbesque
903 1273 1052 1334 recedunt.

304 1375 382 1414 sacra
397 1375 468 1414 man
460 1354 589 1413 colitur
603 1355 700 1413 medio
714 1353 872 1430 gratissima
886 1354 973 1413 tellus

267 1435 431 1494 Nereidum
446 1435 530 1492 matri
546 1450 575 1493 et
591 1435 735 1513 Neptuno
749 1436 876 1510 Aegaeo,

267 1536 353 1594 quam
367 1514 431 1593 pius
446 1514 620 1574 Arcitenens
635 1536 697 1573 oras
713 1531 742 1574 et
756 1515 880 1574 litora
855 1536 965 1575 crrcum

268 1611 413 1654 errantem
429 1597 560 1672 Mycono
575 1616 591 1654 e
605 1593 682 1655 celsa
698 1596 855 1675 Gyaroque
869 1596 996 1655 revinxit

267 1677 467 1755 inmotamque
482 1676 538 1735 coli
554 1676 635 1736 dedit
650 1692 679 1736 et
694 1693 883 1737 contemnere
896 1693 1009 1737 ventos.

267 1760 325 1817 huc
340 1759 425 1830 feror,
440 1758 510 1816 haec
525 1758 612 1816 fessos
628 1772 692 1817 tuto
705 1757 900 1836 placidissima
914 1773 1000 1836 portu

268 1838 384 1917 accipit.
427 1837 529 1914 egressi
543 1858 717 1898 veneramur
731 1839 879 1917 Apollinis
894 1839 1005 1898 urbem.

267 1940 318 1979 rex
331 1919 435 1991 Anius,
450 1939 499 1978 rex
513 1918 593 1979 idem
606 1919 761 1978 hominum
777 1919 944 1999 Phoebique
958 1919 1098 1991 sacerdos,

267 1999 345 2058 vittis
361 2015 391 2059 et
405 2019 483 2058 sacra
497 1999 648 2059 redimitus
664 2016 794 2079 tempora
808 2001 888 2060 lauro
1112 2017 1137 2059 ax

267 2080 402 2153 occurrit,
417 2095 546 2140 veterem
559 2081 711 2141 Anchisen
726 2081 863 2157 adgnovit
877 2080 1013 2141 amicum.

266 2160 411 2237 iungimus
425 2160 550 2239 hospitio
565 2162 678 2221 dextras
694 2177 723 2221 et
738 2177 814 2221 tecta
828 2161 965 2221 subimus.

309 2243 417 2321 templa
430 2241 477 2300 dei
492 2262 560 2300 saxo
574 2243 733 2301 venerabar
746 2258 854 2303 structa
868 2259 982 2302 vetusto
996 2265 1003 2302 ι

248 2324 302 2382 ‘da
316 2321 470 2402 propriam,
485 2323 682 2400 Thymbraee,
698 2323 839 2395 domum;
874 2323 909 2384 da
923 2322 1038 2383 moenia
1051 2321 1132 2382 fessis

267 2420 297 2463 et
311 2425 400 2480 genus
415 2419 445 2462 et
459 2423 623 2464 mansuram
639 2404 762 2475 urbem3
783 2425 862 2462 serva
877 2403 966 2463 altera
981 2402 1090 2462 Troiae

268 2485 412 2560 Pergama,
428 2483 563 2562 reliquias
578 2483 715 2546 Danaum
729 2500 815 2563 atque
829 2484 939 2544 inmitis
953 2483 1074 2544 Achilli.

266 2585 354 2644 quem
369 2565 538 2644 sequimur?
558 2584 652 2643 quove
666 2563 708 2623 ire
722 2564 825 2626 iubes?
846 2565 895 2625 ubi
909 2585 1019 2644 ponere
1034 2564 1140 2624 sedes?

266 2645 311 2717 da,
325 2662 416 2724 pater,
432 2645 582 2722 augurium
596 2660 682 2724 atque
696 2645 805 2741 animis
814 2646 944 2706 inlabere
958 2645 1081 2706 nostris)

265 2726 315 2785 vix
329 2747 363 2786 ea
375 2727 450 2788 fatus
466 2746 565 2786 eram:
587 2741 711 2786 tremere
725 2725 823 2786 omnia
836 2727 896 2788 visa
910 2742 1041 2806 repente,
1113 2756 1142 2798 90

265 2806 424 2902 liminaque
439 2807 593 2885 laurusque
607 2806 665 2880 dei,
681 2821 815 2887 totusque
829 2807 937 2868 moveri

266 2907 349 2946 mons
364 2888 474 2948 circum
489 2904 518 2948 et
532 2888 644 2964 mugire
657 2889 752 2966 adytis
766 2889 878 2948 cortina
891 2888 1021 2949 reclusis.

267 2968 396 3026 submissi
410 2969 536 3047 petimus
552 2983 666 3042 terram,
681 2985 712 3028 et
724 2990 782 3028 vox
797 2971 889 3029 fertur
903 2971 939 3029 ad
954 2989 1057 3030 aureas

247 3047 447 3108 ‘Dardanidae
462 3049 537 3123 duri,
552 3071 626 3129 quae
641 3071 691 3110 vos
706 3072 722 3109 a
735 3051 823 3129 stirpe
837 3066 993 3129 parentum

265 3127 359 3221 prima
374 3129 442 3189 tulit
456 3131 552 3204 tellus,
567 3131 669 3190 eadem
683 3151 733 3190 vos
748 3132 836 3191 ubere
851 3131 928 3192 laeto
976 3165 978 3169 ·

266 3208 390 3287 accipiet
404 3210 532 3271 reduces.
574 3211 723 3290 antiquam
738 3212 879 3290 exquirite
894 3228 1026 3272 matrem.

266 3289 315 3348 hic
330 3289 432 3350 domus
446 3291 564 3350 Aeneae
579 3292 692 3352 cunctis
706 3292 905 3353 dominabitur
919 3292 985 3365 oris,

455 3395 484 3445 75
503 3373 668 3448 Arquitenens.
735 3386 765 3434 82
783 3387 909 3448 adgnoscit.
