2558 4112
499 325 526 373 Ρ.
543 322 686 372 VERGlLI
703 321 861 370 MARONIS

265 456 404 526 audierat,
418 453 523 531 Tyrias
537 453 608 512 olim
622 473 694 533 quae
709 467 832 511 verteret
846 472 923 510 arces
937 475 947 522 ;
1110 484 1136 512 ω

264 537 334 596 hinc
350 535 492 612 populum
507 535 563 593 late
577 553 675 611 regem
689 534 824 613 belloque
839 533 994 611 superbum

265 633 422 677 venturum
437 615 551 674 excidio
565 615 675 692 Libyae
691 636 698 673 ε
720 613 759 672 sic
774 614 890 672 volvere
906 614 1013 674 Parcas.

266 698 296 757 id
310 713 442 756 metuens
458 695 617 775 veterisque
632 715 743 753 memor
758 694 888 752 Saturnia
901 694 981 765 belli,

266 779 357 856 prima
372 777 450 857 quod
463 776 499 835 ad
515 776 635 836 Troiam
650 797 701 854 pro
716 774 786 834 caris
801 789 922 850 gesserat
936 775 1019 850 Argis
1034 798 1084 834 ι·-

266 858 394 918 necdum
408 857 495 916 etiam
510 876 610 916 causae
625 857 730 915 irarum
744 856 878 935 saevique
890 855 1003 914 dolores

266 939 435 998 exciderant
448 938 545 996 animo
559 962 569 1007 3
590 952 689 996 manet
703 937 761 995 alta
774 953 872 994 mente
886 953 1032 1014 repostum

266 1020 408 1079 iudicium
423 1018 530 1077 Paridis
546 1035 712 1097 spretaeque
726 1017 833 1076 iniuria
842 1017 963 1088 formae,

266 1116 295 1160 et
309 1119 398 1176 genus
413 1099 547 1171 invisum,
563 1115 593 1158 et
607 1099 680 1177 rapti
695 1097 873 1176 Ganymedis
887 1099 1009 1156 honores
1025 1120 1074 1157 :-

265 1181 310 1240 his
325 1201 444 1240 accensa
458 1201 542 1258 super
556 1180 675 1240 iactatos
689 1199 811 1258 aequore
827 1195 887 1237 toto

266 1263 368 1333 Troas,
384 1261 517 1340 reliquias
532 1261 669 1320 Danaum
684 1277 769 1339 atque
783 1257 892 1318 inmitis
907 1259 1026 1330 Achilli,
1109 1288 1136 1327 30

267 1343 381 1403 arcebat
395 1343 480 1418 longe
495 1342 588 1412 Latio,
605 1342 768 1420 multosque
782 1361 833 1418 per
847 1360 935 1398 annos

267 1423 398 1482 errabant
412 1422 468 1480 acti
483 1422 548 1480 latis
562 1422 651 1480 maria
665 1421 762 1480 omnia
776 1421 895 1480 circum.

268 1519 363 1563 tantae
378 1503 461 1562 molis
477 1519 536 1561 erat
551 1503 713 1561 Romanam
729 1501 852 1560 condere
866 1516 992 1578 gentem.

307 1584 356 1642 vix
371 1604 387 1642 e
402 1600 559 1661 conspectu
576 1583 689 1642 Siculae
704 1583 814 1642 telluris
828 1582 859 1642 in
873 1583 965 1640 altum

267 1665 331 1724 vela
345 1664 451 1723 dabant
465 1664 533 1724 laeti
548 1681 577 1723 et
591 1685 704 1742 spumas
719 1664 782 1722 salis
797 1684 860 1722 aere
873 1663 1005 1734 ruebant,

268 1767 335 1805 cum
350 1747 426 1804 Iuno
440 1762 590 1805 aeternum
605 1766 718 1804 servans
733 1745 785 1804 sub
799 1761 914 1822 pectore
928 1743 1033 1802 vulnus

267 1829 338 1886 haec
353 1847 451 1886 secum
467 1850 474 1886 :
496 1833 506 1860 ‘
515 1847 600 1885 mene
615 1827 733 1904 incepto
746 1825 879 1885 desistere
894 1824 1008 1895 victam,

268 1928 323 1966 nec
337 1928 418 1985 posse
433 1908 517 1967 Italia
532 1908 716 1966 Teucrorum
730 1922 856 1966 avertere
870 1909 990 1982 regern?

268 1988 375 2068 quippe
389 2004 471 2046 vetor
485 1988 559 2047 fatis.
603 1989 732 2047 Pallasne
748 2007 867 2046 exurere
881 1987 1000 2046 classem

201 2105 205 2111 ‚
268 2068 405 2144 Argivom
420 2084 504 2148 atque
519 2069 593 2148 ipsos
607 2069 703 2147 potuit
718 2069 897 2144 submergere
912 2083 1002 2146 ponto

269 2149 353 2207 unius
368 2150 405 2207 ob
420 2170 526 2209 noxam
541 2167 571 2208 et
585 2150 671 2208 furias
686 2148 781 2208 Aiacis
796 2149 899 2207 Oilei?

269 2230 336 2307 ipsa,
353 2230 428 2288 Iovis
442 2229 573 2308 rapidum
589 2231 711 2289 iaculata
724 2251 740 2288 e
755 2229 879 2288 nubibus
894 2229 1001 2305 ignem,

269 2309 438 2390 disiecitque
453 2327 524 2370 rates
540 2312 700 2392 evertitque
715 2331 834 2390 aequora
848 2310 949 2380 ventis,

269 2391 354 2450 illum
369 2391 561 2469 exspirantem
577 2391 712 2451 transfixo
726 2407 842 2469 pectore
857 2391 984 2448 flammas

270 2471 385 2531 turbine
400 2472 538 2550 corripuit
552 2473 728 2552 scopuloque
743 2471 839 2530 infixit
853 2487 937 2530 acuto
951 2495 960 2541 ;

270 2567 311 2611 ast
326 2571 388 2628 ego,
402 2574 475 2632 quae
490 2553 588 2612 divom
602 2553 707 2612 incedo
721 2553 828 2629 regina,
842 2553 974 2631 Iovisque

270 2648 299 2692 et
313 2654 390 2691 soror
404 2649 433 2692 et
448 2633 587 2706 coniunx,
603 2655 659 2693 una
673 2653 742 2692 cum
755 2649 841 2710 gente
857 2648 899 2692 tot
913 2652 1002 2691 annos

270 2714 354 2772 bella·
359 2733 435 2790 gero.
477 2729 507 2772 et
520 2714 671 2793 quisquam
686 2735 794 2773 numen
810 2713 930 2772 Iunonis
944 2712 1040 2771 adorat

269 2810 425 2873 praeterea,
439 2810 488 2853 aut
502 2796 622 2873 supplex
638 2795 690 2853 aris
705 2795 820 2872 inponit
833 2797 973 2853 honorem
987 2791 1009 2852 ,θ’

312 2875 379 2934 talia
392 2875 538 2934 flammato
552 2896 650 2934 secum
666 2877 718 2934 dea
732 2876 817 2935 corde
832 2877 963 2934 volutans

271 2954 435 3014 nimborum
451 2957 481 3014 in
496 2957 624 3034 patriam,
641 2957 704 3015 loca
718 2957 776 3015 feta
790 2956 950 3014 furentibus
965 2953 1095 3025 Austris,

270 3035 403 3094 Aeoliam
417 3037 506 3097 venit.
548 3037 596 3096 hic
611 3052 689 3096 vasto
702 3058 752 3095 rex
768 3038 876 3095 Aeolus
891 3052 972 3095 antro

271 3115 414 3174 luctantes
429 3134 529 3176 ventos
545 3133 782 3196 tempestatesque
797 3137 909 3175 sonoras

272 3195 392 3274 imperio
407 3197 521 3274 premit,
536 3219 567 3257 ac
583 3198 686 3258 vinclis
701 3214 730 3257 et
744 3218 857 3256 carcere
872 3197 975 3256 frenat.

272 3277 317 3336 illi
331 3276 513 3354 indignantes
528 3299 631 3354 magno
646 3300 714 3338 curn
729 3298 874 3338 murmure
890 3277 996 3336 montis

439 3375 469 3437 48
488 3378 573 3427 adoret.
639 3393 671 3439 49
688 3378 792 3441 inponat.
826 3377 929 3440 inponet.
