2568 4114
254 337 302 372 210
391 355 395 364 ·
526 322 553 372 P.
571 320 714 371 VERGILI
731 321 888 372 MARONIS

295 453 419 513 discolor
433 453 510 511 unde
524 451 584 511 auri
598 472 651 530 per
664 471 756 510 ramos
770 473 837 511 aura
851 453 972 514 refulsit.

296 535 379 614 quale
395 534 466 593 solet
480 532 557 590 silvis
572 532 694 592 brumali
709 534 813 610 frigore
826 534 938 593 viscum

295 616 396 675 fronde
411 614 504 673 virere
518 634 602 684 nova,
617 615 695 692 quod
708 635 767 674 non
781 635 831 673 sua
844 615 967 690 seminat
981 618 1069 690 arbos,

295 713 325 756 et
338 715 440 755 croceo
455 694 516 754 fetu
531 709 633 766 teretes
648 695 825 754 circumdare
839 711 974 756 truncos:

296 777 359 836 talis
374 790 434 836 erat
449 775 557 853 species
571 776 631 834 auri
646 776 804 835 frondentis
818 796 907 854 opaca

296 858 372 929 ilice,
388 857 428 916 sic
444 856 503 915 leni
518 857 674 933 crepitabat
689 857 801 916 bractea
813 873 910 918 vento.

296 937 416 1017 corripit
429 938 542 996 Aeneas
555 938 702 1017 extemplo
716 938 870 1017 avidusque
884 939 1017 1015 refringit
1126 972 1166 1000 ,ιο

296 1033 493 1091 cunctantem,
509 1033 538 1078 et
552 1017 622 1078 vatis
635 1034 729 1096 portat
742 1019 795 1079 sub
810 1031 886 1079 tecta
900 1019 1035 1096 Sibyllae.

337 1120 391 1159 nec
406 1099 503 1158 minus
516 1099 626 1160 interea
641 1099 792 1158 Misenum
806 1099 837 1158 in
851 1099 934 1158 litore
948 1100 1058 1158 Teucri

296 1180 412 1250 flebant,
428 1197 457 1240 et
470 1180 562 1239 cineri
575 1180 689 1258 ingrato
701 1200 832 1258 suprema
845 1181 984 1240 ferebant.

296 1259 439 1340 principio
452 1261 591 1340 pinguem
605 1261 694 1321 taedis
708 1277 737 1320 et
751 1262 850 1320 robore
864 1276 942 1320 secto

297 1341 445 1418 ingentem
461 1356 587 1400 struxere
600 1363 709 1420 pyram,
725 1341 773 1400 cui
787 1342 935 1401 frondibus
950 1341 1016 1401 atris

296 1423 433 1481 intexunt
447 1422 543 1494 latera,
559 1437 588 1481 et
602 1421 702 1481 ferales
717 1438 783 1481 ante
797 1443 941 1501 cupressos

297 1501 487 1573 constituunt,
501 1502 696 1581 decorantque
711 1523 796 1581 super
809 1503 984 1578 fulgentibus
998 1503 1095 1562 armis.

296 1604 359 1662 pars
373 1583 480 1642 calidos
494 1583 591 1642 latices
607 1599 635 1642 et
650 1593 720 1642 aena
733 1583 871 1642 undantia
885 1583 1006 1642 flammis

297 1664 467 1742 expediunt,
481 1684 642 1742 corpusque
656 1665 752 1725 lavant
766 1665 895 1740 frigentis
909 1681 939 1724 et
953 1680 1097 1739 unguunt.

298 1745 329 1803 fit
343 1745 474 1821 gemitus.
516 1761 579 1804 tum
594 1746 723 1804 membra
736 1761 798 1804 toro
811 1745 916 1804 defleta
929 1760 1084 1822 reponunt,
1127 1776 1168 1805 m

296 1845 509 1919 purpureasque
523 1847 607 1904 super
620 1842 721 1898 vestes,
735 1826 879 1885 velamina
891 1841 966 1896 nota,

298 1906 459 1966 coniciunt.
500 1927 562 1999 pars
576 1905 688 1982 ingenti
702 1906 813 1965 subiere
827 1907 941 1978 feretro,

297 1987 376 2046 triste
391 1987 593 2058 ministerium,
608 2004 637 2046 et
652 1987 808 2046 subiectam
823 2007 902 2046 more
914 2002 1069 2064 parentum

297 2067 385 2126 aversi
400 2083 519 2126 tenuere
533 2069 638 2128 facem.
680 2084 815 2144 congesta
827 2083 991 2128 cremantur

297 2163 377 2208 turea
390 2148 474 2218 dona,
487 2148 582 2227 dapes,
599 2149 663 2207 fuso
676 2164 796 2208 crateres
809 2148 895 2208 olivo.

296 2244 447 2308 postquam
462 2229 581 2308 collapsi
596 2229 708 2288 cineres
721 2244 751 2288 et
764 2229 880 2288 flamma
893 2229 1015 2307 quievit,

296 2309 430 2387 reliquias
444 2309 513 2368 vino
528 2325 557 2368 et
571 2310 701 2368 bibulam
716 2311 808 2369 lavere
822 2309 959 2380 favillam,

295 2409 412 2468 ossaque
427 2390 502 2449 lecta
515 2389 587 2448 cado
601 2390 674 2450 texit
689 2389 855 2468 Corynaeus
869 2399 950 2450 aeno.

296 2469 374 2529 idem
388 2486 431 2530 ter
445 2470 535 2530 socios
549 2491 622 2549 pura
636 2469 815 2530 circumtulit
829 2471 917 2543 unda,

296 2570 427 2628 spargens
441 2571 504 2610 rore
518 2551 575 2610 levi
590 2566 620 2611 et
633 2571 714 2610 ramo
727 2551 819 2612 felicis
833 2552 933 2646 plivae,

295 2630 523 2709 lustravitque'
495 2651 580 2702 viros,
594 2631 726 2710 dixitque
740 2632 891 2691 novissima
904 2633 999 2692 verba.

296 2727 324 2771 at
337 2711 402 2791 pius
416 2711 552 2770 Aeneas
544 2711 657 2788 ingenti
673 2712 750 2771 mole
763 2713 948 2792 sepulchrum

295 2791 419 2870 inponit,
435 2813 542 2871 suaque
556 2813 633 2852 arma
648 2792 710 2852 viro
723 2813 893 2872 remumque
907 2793 1077 2870 tubamque,
1130 2817 1133 2823 ·

296 2889 395 2932 monte
409 2873 462 2932 sub
477 2873 563 2946 aerio,
579 2873 630 2952 qui
644 2893 723 2932 nunc
739 2874 874 2932 Misenus
888 2872 922 2932 ab
937 2873 990 2930 illo

295 2951 411 3024 dicitur,
426 2970 636 3033 aeternumque
650 2969 731 3013 tenet
745 2975 796 3031 per
809 2954 924 3013 saecula
936 2972 1054 3011 nomen.

334 3033 379 3090 his
392 3034 463 3092 actis
477 3055 599 3112 propere
613 3035 779 3113 exsequitur
791 3048 945 3112 praecepta
958 3032 1096 3108 Sibyllae.

295 3112 432 3189 spelunca
446 3115 503 3172 alta
517 3115 573 3174 fuit
586 3130 722 3193 vastoque
735 3114 859 3174 inmanis
872 3115 963 3184 hiatu,

294 3211 422 3269 scrupea,
437 3209 499 3253 tuta
513 3195 623 3253 lacu
593 3215 677 3270 nigro
690 3213 899 3286 nemorumque
915 3192 1060 3263 tenebris3

295 3291 382 3350 quam
395 3293 480 3350 super
493 3273 571 3333 haud
585 3275 661 3334 ullae
675 3288 808 3352 poterant
822 3273 934 3352 inpune
947 3272 1080 3331 volantes

630 3379 675 3425 ²3¹
695 3367 783 3416 domos.
