2556 4116
377 383 580 434 GEORGICON
597 388 661 436 LIB.
678 389 690 436 1

119 536 205 595 saepe
219 515 287 574 oleo
302 513 374 574 tardi
389 529 480 574 costas
495 515 615 591 agitator
630 519 708 578 aselli

118 597 226 656 vilibus
241 611 292 655 aut
305 610 406 654 onerat
420 596 523 673 pomis,
537 597 721 678 lapidemque
735 618 879 663 revertens

119 678 257 738 incusum
271 692 322 736 aut
336 692 412 735 atrae
427 697 545 736 massam
559 679 633 757 picis
649 681 718 739 urbe
733 698 868 761 reportat.

160 759 222 838 ipsa
235 758 295 817 dies
311 758 381 816 alios
395 756 452 816 alio
467 757 546 818 dedit
558 760 661 820 ordine
675 761 759 821 Luna

119 840 221 900 felices
236 859 365 918 operum.
407 837 541 918 quintam
555 842 644 918 fuge:
664 843 789 921 pallidus
804 846 899 904 Orcus

120 920 357 998 Eumenidesque
373 935 447 980 satae
460 947 470 993 ;
491 938 554 981 tum
568 938 651 1000 partu
667 923 760 983 Terra
774 926 900 985 nefando

113 1003 293 1080 'Coeumque
308 1001 498 1081 Iapetumque
513 1019 591 1062 creat
605 1024 777 1084 saevumque
792 1005 934 1084 Typhoea

119 1099 149 1142 et
164 1082 327 1141 coniuratos
343 1083 455 1143 caelum
470 1084 634 1142 rescindere
649 1086 759 1145 fratres.
953 1107 991 1148 2⁸0

118 1178 164 1222 ter
178 1177 246 1221 sunt
260 1162 358 1221 conati
372 1163 513 1241 inponere
529 1164 610 1222 Pelio
624 1167 726 1224 Ossam

119 1243 243 1314 scilicet,
260 1259 344 1322 atque
360 1245 450 1302 Ossae
465 1245 633 1306 frondosum
644 1246 793 1306 involvere
805 1249 968 1328 Olympum
980 1275 990 1321 ;

119 1339 163 1382 ter
178 1325 264 1382 Pater
278 1339 436 1384 exstructos
451 1325 566 1384 disiecit
580 1327 703 1386 fulmine
717 1344 840 1389 montes.

119 1405 241 1482 septima
254 1420 320 1483 post
333 1405 477 1465 decimam
493 1405 564 1465 felix
578 1421 608 1465 et
621 1428 728 1484 ponere
743 1408 833 1470 vitem

120 1500 149 1544 et
162 1507 282 1563 prensos
296 1485 436 1545 domitare
451 1487 538 1546 boves
553 1503 582 1546 et
596 1488 663 1547 licia
677 1490 751 1548 telae

119 1566 233 1626 addere.
275 1588 352 1625 nona
366 1568 450 1644 fugae
466 1568 579 1640 melior,
593 1569 735 1629 contraria
745 1572 839 1631 furtis.

159 1649 252 1706 multa
267 1648 338 1706 adeo
351 1649 446 1724 gelida
460 1650 563 1708 melius
578 1670 608 1708 se
623 1667 709 1710 nocte
723 1652 840 1724 dedere,

119 1743 168 1787 aut
182 1749 251 1788 curn
266 1730 324 1787 sole
338 1749 414 1787 novo
429 1745 517 1789 terras
531 1730 639 1790 inrorat
654 1733 741 1792 Eous.

119 1825 207 1868 nocte
222 1810 300 1868 leves
315 1810 418 1869 melius
433 1810 564 1888 stipulae,
579 1827 665 1870 nocte
679 1812 756 1870 arida
769 1829 849 1891 prata

120 1891 301 1960 tondentur3
323 1908 421 1951 noctes
436 1891 533 1950 lentus
547 1912 607 1950 non
622 1892 719 1952 deficit
734 1915 826 1954 umor.
950 1925 989 1965 290

119 1989 147 2032 et
162 1972 281 2051 quidam
296 1992 370 2030 seros
385 1972 499 2031 hiberni
515 1973 550 2031 ad
565 1973 683 2032 luminis
698 1975 777 2050 ignes

118 2053 281 2130 pervigilat,
296 2054 426 2132 ferroque
442 2054 517 2112 faces
531 2054 654 2132 inspicat
669 2071 753 2115 acuto
766 2081 775 2127 ;

119 2135 230 2192 interea
245 2135 365 2210 longum
379 2149 467 2193 cantu
481 2135 568 2194 solata
583 2135 710 2197 laborem

119 2230 218 2290 arguto
233 2215 363 2274 coniunx
378 2216 521 2294 percurrit
535 2215 652 2294 pectine
668 2217 748 2288 telas,

119 2311 168 2355 aut
182 2296 275 2354 dulcis
291 2295 376 2355 musti
392 2297 528 2355 Vulcano
543 2297 680 2374 decoquit
695 2317 825 2357 umorem

120 2391 149 2434 et
163 2377 241 2435 foliis
256 2377 364 2437 undam
379 2377 484 2456 trepidi
499 2377 650 2455 despumat
664 2379 737 2436 aeni.

119 2473 148 2516 at
161 2457 323 2516 rubicunda
338 2458 427 2517 Ceres
442 2459 538 2516 medio
553 2458 710 2516 succiditur
723 2473 812 2529 aestu,

119 2553 148 2596 et
162 2538 260 2596 medio
274 2554 360 2597 tostas
374 2554 452 2597 aestu
469 2539 537 2598 terit
551 2560 615 2598 area
629 2540 734 2615 fruges.

119 2619 214 2677 nudus
228 2640 284 2692 ara,
299 2640 359 2678 sere
374 2619 468 2678 nudus
482 2645 491 2690 ;
511 2620 624 2699 hiemps
638 2621 741 2697 ignava
755 2620 868 2679 colono.

119 2699 271 2774 frigoribus
284 2716 365 2777 parto
380 2700 518 2776 agricolae
533 2701 704 2780 plerumque
719 2702 861 2772 fruuntur,
948 2733 987 2772 300

118 2796 276 2858 mutuaque
291 2781 368 2840 inter
382 2802 410 2840 se
425 2782 493 2840 laeti
508 2782 640 2840 convivia
653 2797 755 2840 curant
767 2807 777 2852 ;

118 2860 223 2919 invitat
238 2861 357 2937 genialis
372 2862 484 2941 hiemps
500 2883 638 2941 curasque
652 2863 787 2921 resolvit:

118 2961 173 3002 ceu
187 2962 298 3019 pressae
313 2963 381 3002 cum
396 2943 453 3002 iam
467 2959 584 3021 portum
598 2943 719 3020 tetigere
734 2943 845 3002 carinae

117 3022 264 3100 puppibus
279 3038 308 3081 et
323 3023 390 3082 laeti
407 3041 508 3082 nautae
524 3024 674 3102 inposuere
690 3043 817 3084 coronas.

118 3102 168 3160 sed
183 3118 280 3166 tamen
296 3120 325 3163 et
340 3124 463 3182 quernas
478 3104 593 3179 glandes
609 3119 670 3161 tum
686 3104 822 3182 stringere
838 3121 951 3185 tempus

118 3198 147 3241 et
161 3184 235 3241 lauri
251 3184 333 3243 bacas
347 3186 498 3263 oleamque
514 3201 690 3263 cruentaque
705 3202 797 3263 myrta
810 3211 819 3258 3

118 3278 180 3323 tum
193 3263 312 3340 gruibus
326 3266 443 3344 pedicas
458 3281 487 3324 et
501 3265 574 3323 retia
587 3286 694 3344 ponere
705 3268 804 3339 cervis,

118 3344 282 3424 auritosque
297 3347 376 3425 sequi
391 3347 500 3424 lepores
514 3371 523 3418 ;
544 3362 607 3405 tum
621 3346 706 3422 figere
721 3348 846 3408 dammas

412 3440 459 3502 296
477 3438 570 3504 trepidis
581 3439 652 3491 ann.
