2558 4112
263 357 294 422 98
424 355 426 362 ’
537 358 565 405 Ρ.
582 355 724 405 VERGlLl
742 355 900 404 MARONIS

304 489 426 565 desuper
439 486 625 565 horrentique
640 502 732 545 atrum
747 505 848 544 nemus
862 485 988 546 inminet
1002 487 1123 547 umbra:

304 570 401 628 fronte
417 567 468 626 sub
483 569 597 627 adversa
611 567 734 644 scopulis
748 567 942 644 pendentibus
956 583 1091 638 antrum3

303 650 382 708 intus
397 669 485 728 aquae
499 649 597 708 dulces
612 649 734 728 viquue
749 647 847 705 sedilia
861 669 938 718 sam,

304 731 508 807 Nympharum
524 730 633 788 domus.
674 729 723 788 hic
739 729 822 787 fessas
837 747 896 786 non
911 727 1028 787 vincula
1042 749 1128 788 naves

304 811 364 870 ulla
378 826 491 882 tenent,
507 831 582 868 unco
597 831 655 868 non
671 809 776 884 adligat
791 829 894 867 ancora
908 829 1014 869 morsu.

303 894 361 952 hnc
377 908 486 971 septem
500 893 613 950 Aeneas
627 890 756 949 collectis
770 890 888 948 navibus
903 889 983 948 omni
1135 921 1173 958 170

304 993 340 1031 ex
355 985 477 1031 numero
491 971 566 1031 subit
579 997 588 1042 ;
610 992 641 1030 ac
657 991 760 1046 magno
776 971 885 1029 telluris
899 991 994 1030 amore

304 1053 407 1128 egressi
421 1069 516 1131 optata
531 1053 682 1130 potiuntur
696 1052 788 1110 Troes
803 1053 907 1110 harena

304 1150 333 1192 et
348 1135 405 1193 sale
420 1134 548 1192 tabentes
563 1150 637 1192 artus
652 1133 683 1190 in
698 1133 781 1191 litore
795 1147 919 1210 ponunt.

305 1235 336 1273 ac
351 1215 479 1293 primum
493 1214 566 1274 silici
581 1214 736 1272 scintillam
751 1213 869 1272 excudit
883 1213 1008 1270 Achates

305 1295 490 1373 succepitque
505 1295 602 1370 ignem
616 1295 692 1353 foliis
707 1311 792 1374 atque
807 1294 883 1351 arida
897 1293 1007 1352 circum

305 1376 483 1434 nutrimenta
496 1376 574 1434 dedit
589 1375 739 1454 rapuitque
753 1375 784 1432 in
800 1374 899 1432 fomite
914 1373 1068 1432 flammam.

306 1472 368 1516 tum
384 1456 520 1514 Cererem
535 1473 698 1535 corruptam
714 1455 797 1514 undis
812 1454 998 1532 Cerealiaque
1012 1474 1090 1512 arma

306 1537 464 1614 expediunt
478 1537 542 1595 fessi
557 1557 661 1607 rerum,
677 1536 828 1615 frugesque
842 1551 968 1614 receptas

306 1634 335 1676 et
350 1635 456 1676 torrere
471 1632 571 1696 parant
585 1616 706 1676 flammis
722 1633 751 1676 et
765 1617 894 1692 frangere
908 1636 983 1674 saxo.

346 1699 458 1757 Aeneas
474 1698 624 1776 scopulum
638 1698 748 1758 interea
763 1696 931 1756 conscendit
945 1711 973 1754 et
987 1715 1106 1754 omnem
1135 1712 1173 1753 rso

306 1795 490 1857 prospectum
505 1779 561 1838 late
575 1781 676 1858 pelago
690 1779 770 1856 petit,
786 1779 901 1836 Anthea
915 1777 937 1834 si
952 1796 1038 1854 quem

306 1859 444 1919 iactatum
458 1876 546 1918 vento
560 1860 655 1918 videat
671 1859 860 1937 Phrygiasque
875 1857 1004 1924 biremes,

307 1957 356 2000 aut
371 1940 485 2018 Capyn,
499 1957 548 2000 aut
563 1941 644 1999 celsis
659 1941 689 1998 in
705 1940 848 2018 puppibus
862 1958 937 1996 arma
952 1936 1044 1996 Caici.

307 2042 410 2080 navem
424 2022 455 2079 in
470 2037 627 2098 conspectu
642 2022 761 2091 nullam,
777 2036 832 2080 tres
846 2019 928 2077 litore
943 2037 1040 2076 cervos

306 2101 443 2180 prospicit
457 2118 580 2160 errantes
592 2126 602 2170 3
622 2104 673 2160 hos
688 2117 746 2162 tota
761 2115 888 2159 armenta
901 2113 1060 2177 sequuntur

307 2203 322 2240 a
337 2198 423 2258 tergo,
439 2199 467 2241 et
482 2184 601 2258 longum
615 2203 666 2261 per
679 2183 767 2240 valles
781 2181 905 2260 pascitur
919 2199 1031 2256 agmen.

307 2263 435 2322 constitit
448 2263 506 2333 hic,
522 2284 676 2342 arcumque
689 2283 777 2321 manu
792 2263 955 2340 celeresque
969 2260 1080 2338 sagittas

307 2343 453 2422 corripuit,
469 2344 541 2404 fidus
556 2365 627 2424 quae
642 2346 700 2404 tela
712 2343 826 2420 gerebat
839 2342 975 2411 Achates,

306 2425 494 2504 ductoresque
509 2426 582 2503 ipsos
596 2425 731 2503 primum,
747 2424 840 2504 capita
853 2424 910 2482 alta
924 2423 1047 2482 ferentes

307 2506 442 2565 cornibus
456 2507 586 2576 arboreis,
602 2505 723 2574 sternit3
745 2521 807 2564 tum
821 2505 922 2582 vulgus
936 2520 966 2562 et
980 2522 1097 2561 omnem
1136 2531 1173 2571 190

307 2586 408 2645 miscet
422 2606 508 2663 agens
521 2588 585 2646 telis
599 2587 808 2664 nemoraflinter
821 2586 940 2644 frondea
954 2585 1066 2643 turbam
1079 2607 1089 2650 3

308 2687 361 2726 nec
376 2667 453 2745 prius
468 2667 585 2738 absistit,
599 2687 684 2746 quam
699 2683 807 2745 septem
822 2666 949 2744 ingentia
963 2665 1055 2724 victor

307 2767 425 2826 corpora
436 2748 538 2807 fundat
548 2748 630 2806 humi
643 2763 671 2806 et
683 2769 837 2808 numerum
849 2767 917 2807 cum
929 2746 1049 2805 navibus
1061 2761 1173 2824 aequet.

306 2827 375 2887 hinc
391 2845 505 2907 portum
519 2828 600 2907 petit,
618 2845 647 2887 et
661 2829 752 2889 socios
766 2830 885 2908 partitur
899 2829 929 2886 in
945 2825 1054 2886 omnes.
1133 2839 1139 2854 ·

307 2908 373 2966 vina
387 2909 478 2968 bonus
493 2930 565 2988 quae
579 2910 684 2969 deinde
700 2911 776 2990 cadis
790 2926 919 2969 onerarat
933 2910 1052 2966 Acestes

307 2987 389 3047 litore
405 2990 560 3048 Trinacrio
574 2991 746 3071 dederatque
761 2990 931 3050 abeuntibus
945 2992 1036 3058 heros,

307 3068 419 3140 dividit,
434 3087 463 3130 et
477 3071 561 3131 dictis
575 3073 730 3131 maerentia
744 3087 861 3151 pectora
875 3071 1005 3130 mulcet:

287 3155 325 3206 ‘o
340 3149 418 3220 socii,
433 3153 619 3229 nequeenim
634 3153 723 3228 ignari
739 3173 835 3210 sumus
849 3167 915 3210 ante
929 3151 1081 3220 malorum,

307 3249 325 3286 o
338 3230 410 3306 passi
424 3233 558 3306 graviora,
574 3234 653 3292 dabit
667 3234 736 3292 deus
750 3232 795 3290 his
809 3253 923 3312 quoque
939 3232 1037 3290 finem.

308 3330 356 3367 vos
371 3326 400 3368 et
416 3312 574 3388 Scyllaeam
589 3314 697 3373 rabiem
711 3313 883 3392 penitusque
897 3329 1029 3372 sonantes
1137 3339 1177 3368 200

308 3392 424 3451 accestis
438 3395 579 3472 scopulos,
593 3415 642 3453 vos
656 3410 685 3454 et
700 3394 848 3472 Cyclopea
862 3414 927 3452 saxa
1121 3391 1124 3398 ’
