2558 4112
407 354 609 403 GEORGICON
626 355 689 403 LIB.
706 356 745 403 lv

160 503 190 546 et
205 506 273 545 cum
288 485 375 544 tristis
391 485 504 563 hiemps
520 486 679 545 etiamnum
694 487 799 561 frigore
813 509 879 549 sara

159 582 308 646 rumperet
323 582 352 625 et
366 566 458 642 glacie
473 587 571 626 cursus
586 568 714 627 frenaret
728 589 876 646 aquarum,

160 649 213 706 ille
227 667 341 706 comam
355 647 451 706 mollis
467 648 524 706 iam
539 648 679 707 tondebat
693 649 843 726 hyacinthi

160 743 298 788 aestatem
313 728 489 805 increpitans
504 749 596 788 seram
612 729 820 823 Zephyrosque
835 748 986 792 morantes.

160 830 227 903 ergo
243 809 344 887 apibus
358 809 424 868 fetis
439 809 518 868 idem
533 826 619 888 atque
635 811 768 869 examine
783 812 877 870 multo

159 890 270 969 primus
286 889 431 949 abundare
447 906 476 949 et
490 891 652 969 spumantia
667 913 769 968 cogere
783 893 885 971 pressis
993 925 1030 963 140

159 972 249 1030 mella
264 970 358 1042 favis,
378 971 422 1030 illi
438 971 518 1030 tiliae
532 987 618 1051 atque
633 973 821 1031 uberrima
792 994 888 1052 prnus,

159 1067 290 1131 quotque
305 1051 336 1110 in
351 1051 420 1112 flore
436 1073 512 1110 novo
526 1053 620 1131 pomis
634 1074 663 1112 se
678 1054 780 1112 fertilis
795 1055 875 1113 arbos

160 1133 304 1204 induerat,
320 1133 442 1193 totidem
457 1149 598 1192 autumno
612 1149 723 1192 matura
738 1136 865 1195 tenebat.

159 1214 211 1273 ille
227 1213 314 1272 etiam
329 1235 404 1274 seras
417 1214 448 1272 in
463 1235 577 1273 versum
591 1214 705 1274 distulit
719 1216 811 1274 ulmos

161 1293 380 1372 eduramque
352 1315 448 1388 prtum
464 1309 493 1354 et
508 1296 604 1374 spinos
618 1295 676 1354 iam
691 1317 784 1374 pruna
799 1298 923 1356 ferentes

160 1376 277 1454 iamque
292 1375 503 1436 ministrantem
518 1377 670 1470 platanum
685 1379 855 1472 potantibus
865 1379 990 1438 umbras

160 1475 262 1515 verum
275 1457 370 1516 haec
362 1477 423 1535 rpse
438 1457 572 1535 equidem
587 1459 684 1536 spatiis
700 1459 855 1518 exclusus'
847 1460 954 1538 rniquis

161 1553 311 1615 praetereo
326 1553 412 1616 atque
426 1538 488 1596 aliis
503 1554 567 1616 post
581 1559 628 1598 me
644 1541 829 1599 memoranda
843 1540 987 1619 relinquo.

202 1638 282 1677 nunc
297 1638 358 1695 age,
374 1635 489 1678 naturas
505 1620 606 1697 apibus
621 1641 690 1698 quas
705 1621 838 1699 Iuppiter
852 1621 913 1699 ipse

161 1699 283 1770 addidit,
297 1700 461 1777 expediam,
475 1721 528 1776 pro
543 1721 600 1778 qua
614 1700 749 1760 mercede
764 1722 881 1760 canoros
992 1731 1030 1768 150

162 1781 306 1839 Curetum
321 1780 429 1840 sonitus
445 1781 674 1858 crepitantiaque
690 1802 753 1840 aera
767 1797 882 1840 secutae

161 1861 283 1921 Dictaeo
298 1861 371 1920 caeli
387 1881 485 1938 regern
499 1882 601 1939 pavere
616 1863 669 1920 sub
683 1877 776 1921 antro.

161 1941 237 2000 solae
253 1962 422 2002 communes
438 1958 529 2013 natos,
545 1943 689 2001 consortia
704 1959 780 2002 tecta

162 2022 238 2081 urbis
252 2023 370 2094 habent,
386 2023 553 2101 magnisque
569 2023 678 2100 agitant
692 2025 744 2084 sub
759 2024 870 2101 legibus
885 2045 997 2096 aevum,

163 2120 191 2163 et
205 2104 325 2181 patriam
340 2105 417 2163 solae
434 2120 463 2162 et
477 2120 569 2163 certos
583 2125 690 2163 novere
707 2107 828 2165 Penates
842 2131 851 2177 ;

161 2201 357 2263 venturaeque
372 2184 476 2244 hiemis
491 2204 632 2243 memores
647 2200 755 2244 aestate
770 2187 898 2245 laborem

161 2265 351 2343 experiuntur
365 2281 395 2324 et
409 2266 440 2324 in
454 2265 585 2324 medium
599 2267 728 2343 quaesita
741 2282 896 2344 reponunt.

162 2366 287 2424 namque
302 2347 375 2406 aliae
389 2347 470 2406 victu
485 2346 639 2423 invigilant
653 2362 683 2406 et
698 2347 814 2406 foedere
827 2363 914 2424 pacto

162 2444 334 2487 exercentur
348 2428 420 2504 agris
433 2453 443 2500 ;
463 2449 527 2507 pars
541 2428 616 2486 intra
631 2444 727 2505 saepta
740 2427 892 2486 domorum

161 2507 276 2566 narcissi
291 2509 439 2568 lacrimam
455 2525 484 2568 et
499 2510 611 2568 lentum
626 2510 662 2568 de
677 2508 785 2569 cortice
799 2509 901 2584 gluten
992 2526 1030 2566 160

161 2588 253 2667 prima
266 2589 337 2648 favis
351 2606 466 2666 ponunt
480 2590 660 2662 fundamina,
675 2590 780 2649 deinde
795 2605 910 2648 tenaces

160 2670 342 2747 suspendunt
355 2690 433 2730 ceras
446 2697 456 2742 ;
477 2671 550 2730 aliae
564 2691 646 2749 spem
660 2672 752 2748 gentis
767 2671 879 2730 adultos

161 2750 291 2810 educunt
305 2752 404 2822 fetus;
425 2752 495 2810 aliae
510 2753 660 2829 purissima
675 2752 763 2811 mella

160 2830 278 2908 stipant,
294 2847 323 2891 et
337 2796 449 2910 liquido
463 2832 634 2892 distendunt
649 2849 766 2892 nectare
781 2832 876 2891 cellas.

161 2928 239 2982 sunt,
253 2913 358 3006 quibus
372 2914 408 2972 ad
421 2929 518 2991 portas
533 2913 641 2972 cecidit
656 2913 783 2973 custodia
798 2913 875 2986 sorti,

160 2991 251 3071 inque
264 2994 360 3053 vicem
375 2995 560 3073 speculantur
574 3015 662 3073 aquas
676 3009 705 3052 et
716 2994 817 3052 nubila
831 2992 925 3052 caeli·
916 3017 926 3062 3

161 3089 211 3132 aut
225 3094 312 3132 onera
328 3075 477 3152 accipiunt
491 3075 674 3146 venientum,
688 3090 739 3132 aut
754 3075 868 3150 agmine
882 3075 961 3133 facto

159 3153 296 3230 ignavum
311 3156 392 3215 fucos
406 3176 495 3234 pecus
510 3177 526 3214 a
541 3155 725 3234 praesepibus
740 3170 850 3215 arcent.

159 3234 254 3294 fervet
267 3257 348 3314 opus,
362 3237 553 3314 redolentque
568 3238 670 3312 thymo
685 3237 835 3313 fragrantia
850 3236 948 3296 mella.

158 3335 192 3374 ac
207 3315 299 3376 veluti
315 3318 400 3377 lentis
417 3318 561 3395 Cyclopes
576 3316 700 3376 fulmina
714 3318 810 3376 massis
991 3338 1028 3382 1⁷0

404 3426 447 3472 141
466 3413 538 3462 tinus.
607 3413 651 3474 169
668 3413 745 3460 fervit.
