2556 4116
376 1221 405 1274 P.
424 1219 579 1275 VERGILI
597 1221 773 1274 MARONIS

175 1341 886 1456 FGEORGICON

420 1587 545 1646 LIBER
567 1588 747 1648 PRIMUS.

161 1772 245 1852 Qun
259 1771 345 1831 faciat
359 1773 445 1832 laetas
459 1788 575 1847 segetes,
591 1793 649 1850 quo
662 1773 753 1832 sidere
768 1788 872 1832 terram

160 1868 281 1924 vertere,
297 1853 464 1924 Maecenas,
478 1853 621 1932 ulmisque
636 1853 791 1929 adiungere
805 1853 877 1912 vites

161 1933 326 2005 conveniat,
340 1954 413 2012 quae
427 1953 497 1992 cura
510 1933 609 2005 boum,
624 1933 672 2012 qui
688 1934 783 1992 cultus
797 1934 931 2006 habendo

160 2014 198 2073 sit
211 2013 320 2092 pecori,
334 2014 434 2092 apibus
448 2028 554 2092 quanta
568 2015 746 2092 experientia
760 2015 861 2093 parcis,

112 2147 115 2156 .
160 2095 231 2154 hinc
246 2115 349 2154 canere
363 2094 511 2172 incipiam.
553 2115 611 2166 vos,
625 2116 644 2153 o
657 2095 811 2154 clarissima
824 2095 927 2155 mundi

161 2175 282 2247 lumina,
297 2175 444 2235 labentem
458 2176 538 2234 caelo
553 2195 625 2254 quae
639 2175 743 2234 ducitis
759 2196 867 2236 annum
880 2201 889 2246 ;

161 2257 251 2315 Liber
266 2272 295 2315 et
309 2255 384 2316 alma
400 2255 496 2326 Ceres,
512 2271 606 2314 vestro
620 2255 642 2313 si
657 2276 776 2316 munere
791 2257 877 2316 tellus

162 2337 324 2396 Chaoniam
340 2336 441 2415 pingui
454 2337 589 2412 glandem
603 2337 724 2396 mutavit
739 2337 831 2409 arista,

161 2419 323 2498 poculaque
338 2418 465 2477 inventis
478 2418 619 2477 Acheloia
633 2417 750 2476 miscuit
764 2417 847 2489 uvis3

163 2514 192 2564 et
205 2521 265 2571 vos,
279 2516 422 2576 agrestum
437 2498 595 2577 praesentia
609 2498 740 2569 numina,
755 2498 854 2569 Fauni,
1006 2528 1031 2556 10

163 2581 234 2641 ferte
249 2581 334 2640 simul
350 2580 498 2660 Faunique
513 2580 617 2659 pedem
631 2579 816 2673 Dryadesque
830 2578 964 2656 puellae·

162 2683 284 2722 munera
297 2677 389 2721 vestra
402 2681 485 2721 cano.
528 2677 616 2740 tuque
631 2682 657 2732 o,
674 2660 721 2720 cui
737 2660 828 2738 prima
842 2660 1016 2718 frementem

162 2745 238 2803 fudit
253 2764 361 2822 equum
375 2761 479 2818 magno
493 2742 580 2800 tellus
594 2761 726 2820 percussa
740 2739 868 2812 tridenti,

163 2825 326 2902 Neptune,
347 2839 376 2883 et
390 2823 486 2882 cultor
501 2842 661 2894 nemorum,
677 2821 725 2881 cui
739 2821 857 2916 pinguia
871 2820 948 2880 Ceae

162 2920 339 2966 tercentum
353 2905 431 2964 niver
423 2904 567 2963 'tondent
581 2902 720 2963 dumeta
712 2902 849 2961 iuvenci·
841 2946 850 2973 ,

162 2987 223 3063 ipse
237 3006 339 3045 nemus
354 2985 488 3064 linquens
502 2984 628 3061 patrium
642 2984 785 3061 saltusque
796 2983 903 3061 Lycaei

164 3066 235 3139 Pan,
249 3067 348 3125 ovium
362 3081 467 3137 custos,
481 3080 530 3123 tua
544 3085 566 3124 s1
558 3064 633 3124 tibi
650 3063 786 3126 Maenala
800 3084 896 3135 curae,

164 3146 244 3219 adsis,
259 3168 278 3205 o
292 3147 437 3223 Tegeaee,
451 3146 558 3216 favens,
574 3146 712 3224 oleaeque
728 3144 863 3203 Minerva

163 3227 319 3298 inventrix,
334 3227 460 3306 uncique
474 3247 546 3305 puer
560 3239 732 3284 monstrator
746 3225 837 3295 aratri,

164 3324 192 3366 et
205 3323 335 3367 teneram
349 3307 385 3366 ab
398 3307 493 3366 radice
508 3308 611 3376 ferens,
627 3306 751 3378 Silanae,
766 3324 954 3397 cupressum,
1006 3331 1032 3360 ω

167 3388 254 3467 dique
268 3384 395 3468 deaeque
410 3408 519 3460 omnes,
533 3387 660 3448 studium
675 3387 779 3466 quibus
794 3408 857 3446 arva
871 3383 955 3456 tueri,
