2562 4114
423 377 590 425 AENEIDOS
607 375 669 424 ΠΒ.
687 377 711 423 Χ

157 508 280 579 advolat,
294 507 371 566 haud
385 507 439 565 alia
453 523 495 565 est
510 505 608 565 Turni
623 505 765 564 venientis
780 505 883 582 imago

157 592 235 648 hunc
251 589 299 647 ubi
315 588 484 664 contiguum
497 586 598 645 missae
613 588 673 645 fore
688 586 810 645 credidit
824 587 929 657 hastae,

157 671 197 728 ire
212 670 289 746 prior
304 670 403 740 Pallas,
418 669 440 726 si
456 688 511 746 qua
526 668 582 726 fors
595 667 710 726 adiuvet
725 687 823 725 ausum

157 751 265 809 viribus
278 750 433 826 inparibus,
448 768 641 827 magnumque
656 749 695 806 ita
709 748 744 806 ad
759 749 872 806 aethera
886 749 981 808 fatur:

138 841 208 908 ‘per
221 831 306 909 patris
321 831 476 908 hospitium
491 845 519 888 et
534 849 655 900 mensas,
670 849 738 908 quas
752 829 862 886 advena
876 829 968 900 adisti,

159 929 187 970 te
202 932 311 990 precor,
324 911 439 982 Alcide,
454 910 562 989 coeptis
577 910 743 987 ingentibus
758 909 839 968 adsis.
984 927 1022 978 ,61

159 1008 256 1052 cernat
270 992 408 1050 semineci
423 991 475 1049 sibi
491 1012 537 1050 me
552 1011 650 1069 rapere
665 1011 741 1048 arma
756 1007 883 1061 eruenta,

158 1074 354 1151 victoremque
369 1073 462 1131 ferant
477 1072 629 1131 morientia
644 1071 754 1130 lumina
768 1070 883 1129 Turni!

158 1154 247 1213 audiit
261 1154 376 1212 Alcides
390 1153 535 1223 iuvenem,
551 1172 745 1231 magnumque
759 1153 812 1210 sub
826 1151 886 1210 imo

159 1236 243 1293 corde
258 1234 362 1312 premit
375 1234 515 1309 gemitum
531 1233 716 1311 lacrimasque
731 1233 854 1292 effundit
868 1231 976 1290 inanes.

159 1331 221 1374 tum
236 1315 347 1390 genitor
362 1330 462 1373 natum
477 1314 562 1374 dictis
576 1314 687 1372 adfatur
700 1314 821 1372 amicis:

138 1404 212 1455 ‘stat
226 1417 275 1454 sua
289 1396 394 1475 cuique
409 1395 491 1463 dies3
512 1396 598 1454 breve
613 1411 641 1454 et
656 1395 843 1472 inreparabile
858 1410 980 1472 tempus

159 1476 291 1535 omnibus
306 1491 347 1534 est
362 1477 435 1534 vitae
448 1500 458 1544 ;
479 1477 528 1534 sed
544 1477 648 1534 famam
664 1475 819 1534 extendere
835 1473 927 1545 sactis,

159 1561 213 1616 hoc
228 1557 339 1615 virtutis
353 1577 433 1634 opus.
476 1556 582 1615 Troiae
598 1557 650 1615 sub
665 1556 814 1614 moenibus
831 1555 893 1614 altis

159 1654 202 1697 tot
216 1637 275 1696 nati
290 1637 420 1697 cecidere
435 1639 523 1696 deum
535 1659 545 1706 ;
566 1637 638 1716 quin
652 1637 761 1697 occidit
776 1657 833 1696 una
987 1665 1026 1704 470

160 1719 313 1797 Sarpedon,
329 1739 392 1778 mea
406 1718 565 1798 progenies.
609 1718 695 1777 etiam
710 1738 759 1776 sua
772 1718 910 1776 Turnum

159 1800 216 1858 fata
229 1815 341 1871 vocant,
357 1817 502 1878 metasque
518 1799 576 1857 dati
591 1798 724 1877 pervenit
738 1797 774 1856 ad
788 1797 867 1855 aevi?

159 1881 198 1939 sic
214 1881 262 1952 ait,
277 1895 361 1957 atque
376 1880 475 1938 oculos
491 1879 667 1937 Rutulorum
684 1877 766 1936 reicit
780 1877 863 1936 arvis.

159 1977 187 2020 at
203 1962 294 2018 Pallas
308 1960 418 2036 magnis
435 1958 542 2017 emittit
557 1958 664 2016 viribus
677 1959 796 2028 hastam,

160 2042 317 2119 vaginaque
333 2061 401 2098 cava
417 2040 576 2114 fulgentem
591 2039 696 2116 deripit
711 2058 818 2098 ensem.

160 2123 209 2180 illa
223 2122 331 2191 volans,
345 2120 436 2178 umeri
453 2135 570 2195 surgunt
586 2139 642 2198 qua
656 2120 781 2194 tegmina
795 2138 914 2190 summa,

160 2201 273 2272 incidit,
288 2217 384 2280 atque,
398 2201 475 2258 viam
491 2200 578 2278 clipei
593 2200 693 2258 molita
708 2220 843 2278 peroras,

160 2284 276 2342 tandem
291 2283 376 2340 etiam
391 2301 494 2357 magno
510 2281 625 2340 strinxit
639 2281 676 2339 de
689 2301 806 2358 corpore
820 2281 927 2340 Turni.

159 2363 207 2422 hic
223 2363 342 2422 Turnus
357 2364 431 2421 ferro
445 2362 604 2440 praefixum
618 2361 705 2420 robur
719 2377 803 2420 acuto

160 2445 191 2502 in
207 2444 336 2502 Pallanta
349 2443 399 2502 diu
414 2443 520 2501 librans
536 2443 614 2513 iacit,
630 2458 715 2521 atque
729 2443 768 2500 ita
782 2444 878 2502 fatur:
988 2459 1028 2510 480

141 2525 264 2602 ‘aspice,
279 2545 350 2583 num
364 2543 445 2601 mage
460 2524 496 2582 sit
512 2540 640 2583 nostrum
655 2523 832 2600 penetrabile
848 2521 957 2581 telum.'

160 2605 291 2675 dixerat3
312 2619 340 2664 at
354 2605 490 2682 clipeum,
507 2619 549 2663 tot
565 2605 631 2663 ferri
647 2620 733 2682 terga,
749 2619 791 2664 tot
805 2603 886 2674 aeris,

162 2705 248 2764 quem
262 2687 346 2764 pellis
361 2686 464 2745 totiens
479 2685 562 2744 obeat
578 2684 754 2744 circumdata
768 2685 850 2756 tauri,

162 2767 284 2824 vibranti
299 2767 427 2826 medium
442 2767 535 2844 cuspis
551 2767 759 2825 transverberat
772 2765 844 2837 ictu,

163 2847 322 2925 loricaeque
337 2867 427 2906 moras
441 2863 470 2906 et
483 2863 584 2925 pectus
598 2848 725 2925 perforat
738 2847 849 2924 ingens.

162 2928 212 2986 ille
226 2928 300 3005 rapit
314 2929 440 2987 calidum
455 2928 556 2986 frustra
570 2928 606 2986 de
621 2929 740 2987 vulnere
755 2929 845 2986 telum
859 2949 867 2986 t

163 3028 220 3067 una
233 3008 389 3086 eademque
404 3009 449 3067 via
463 3009 575 3084 sanguis
590 3009 759 3088 animusque
774 3022 941 3087 sequuntur.

163 3087 268 3148 corruit
282 3088 313 3146 in
328 3090 454 3157 vulnus3
475 3089 602 3148 sonitum
617 3109 700 3167 super
715 3109 791 3148 arma
805 3089 908 3148 dedere
921 3114 929 3158 ;

163 3186 191 3228 et
205 3184 308 3228 terram
322 3170 456 3228 hostilem
470 3169 595 3228 moriens
609 3170 683 3249 petit
697 3190 744 3228 ore
759 3185 888 3229 cruento.

162 3270 249 3328 quem
263 3249 383 3308 Turnus
397 3271 481 3328 super
495 3250 630 3310 adsistens
644 3273 651 3310 ε
990 3279 1028 3319 490

141 3330 297 3403 ‘Arcades,
311 3331 400 3401 haec,’
414 3331 518 3408 inquit,
535 3337 691 3390 ‘memores
707 3351 771 3390 mea
784 3332 860 3391 dicta
875 3332 978 3390 referte

498 3438 544 3485 471
563 3433 587 3472 et
598 3424 653 3474 iam.
