2562 4114
434 323 600 372 auuurnos
618 323 681 374 rra
698 324 736 371 rx
989 340 1036 388 279

173 457 231 516 tela
246 471 361 534 gerunt.
404 454 492 513 instat
508 439 683 512 Mnestheus
698 474 821 533 acerque
837 457 975 528 Serestus,

173 558 245 617 quos
258 552 340 617 pater
353 532 513 607 Aeneas,
492 555 515 593 sr
530 535 648 613 quando
663 534 780 594 adversa
794 552 943 610 vocarent,

172 634 298 678 rectores
312 618 453 677 iuvenum
468 631 498 675 et
512 636 609 675 rerum
623 616 704 674 dedit
719 637 779 675 esse
794 616 951 692 magistros.

172 699 266 759 omnis
279 720 332 778 per
345 719 441 757 muros
455 696 541 774 legio,
557 695 656 756 sortita
669 697 822 775 periclum,

174 781 299 840 excubat
314 796 489 858 exercetque
504 777 591 852 vices,
607 778 686 858 quod
700 778 806 858 cuique
821 780 963 838 tuendum
978 794 1031 840 est.

214 861 304 920 Nisus
319 876 379 920 erat
393 876 494 939 portae
509 876 615 933 custos,
631 859 785 918 acerrimus
800 858 895 932 armis,

173 940 359 1019 Hyrtacides,
373 941 513 1001 comitem
525 942 644 1000 Aeneae
659 961 747 1019 quem
761 941 878 1000 miserat
892 941 945 999 Ida

172 1021 315 1094 venatrix,
329 1023 425 1098 iaculq
440 1023 567 1082 celerem
582 1022 752 1100 levibusque
767 1021 896 1097 sagittis3

175 1118 205 1163 et
219 1103 299 1162 iuxta
312 1123 409 1162 comes
424 1103 576 1179 Euryalus,
592 1123 650 1180 quo
665 1102 815 1181 pulchrior
830 1102 903 1160 alter

173 1204 233 1242 non
248 1183 306 1242 fuit
318 1183 492 1242 Aeneadum
508 1183 639 1241 Troiana
654 1203 750 1277 neque
765 1182 861 1241 induit
877 1204 964 1256 arma,
1004 1201 1041 1242 180

173 1285 222 1323 ora
236 1285 310 1342 puer
322 1263 416 1342 prima
431 1262 545 1340 signans
561 1263 676 1322 intonsa
690 1263 820 1324 iuventa.

172 1345 217 1403 his
232 1365 311 1403 amor
325 1365 400 1403 unus
415 1359 484 1416 erat,
499 1343 664 1438 pariterque
679 1344 709 1402 in
725 1344 803 1404 bella
817 1345 961 1413 ruebant3

173 1441 236 1484 tum
251 1445 366 1518 quoque
381 1424 529 1484 communi
543 1441 657 1503 portam
672 1425 796 1484 statione
811 1426 960 1485 tenebant.

174 1505 302 1565 Nisus
278 1522 339 1565 art:
360 1504 447 1564 ‘dine
462 1507 542 1564 hune
558 1505 689 1564 ardorem
703 1505 852 1564 mentibus
867 1506 989 1578 addunt,

173 1585 308 1664 Euryale,
323 1607 361 1644 an
375 1606 425 1646 sua
440 1585 546 1664 cuique
561 1587 631 1645 deus
646 1585 679 1646 fit
694 1586 755 1645 dira
770 1587 900 1664 cupido?

174 1683 223 1726 aut
236 1687 364 1746 pugnam
379 1683 428 1726 aut
443 1666 555 1746 aliquid
568 1665 739 1726 iamdudum
751 1667 888 1726 invadere
903 1688 1040 1744 magnum

173 1767 254 1806 mens
269 1747 356 1824 agitat
370 1747 453 1820 mihi,
469 1768 524 1807 nec
539 1748 655 1826 placida
668 1763 806 1807 contenta
821 1748 919 1826 quiete
934 1764 986 1808 est.

174 1829 277 1902 cernis,
292 1849 366 1907 quae
381 1828 507 1887 Rutulos
521 1828 626 1886 habeat
640 1827 747 1886 fiducia
761 1848 868 1888 rerum.

173 1908 285 1968 lumina
299 1930 362 1967 rara
375 1908 507 1979 micant
498 1934 506 1946 ·
529 1928 631 1968 somno
645 1907 772 1986 vinoque
787 1909 873 1966 soluti

174 1989 377 2068 procubuere;
398 1988 486 2048 silent
498 1953 559 2046 late
573 1988 660 2059 loca3
680 1988 799 2067 percipe
812 2010 907 2067 porro,
1004 2019 1042 2059 ιφ

174 2071 245 2150 quid
259 2069 392 2161 dubitem
407 2085 437 2128 et
452 2089 525 2146 quae
540 2089 620 2127 nunc
636 2069 734 2128 animo
747 2070 892 2128 sententia
906 2087 1012 2146 surgat.

172 2152 295 2210 Aenean
310 2148 398 2208 acciri
412 2168 523 2222 omnes,
538 2149 721 2228 populusque
735 2167 897 2229 patresque,

175 2245 346 2324 exposcunt,
361 2229 497 2310 mittique
511 2229 596 2324 viros,
612 2229 661 2309 qui
677 2245 755 2288 certa
769 2246 929 2324 reportent.

174 2333 196 2370 ιι
189 2311 265 2370 tibi
280 2331 353 2389 quae
368 2331 456 2389 posco
470 2310 755 2390 promittunt—nam
769 2311 842 2371 mihi
858 2311 929 2371 facti

174 2392 251 2450 fama
266 2405 308 2450 sat
322 2392 522 2451 est-tumulo
537 2391 637 2450 videor
651 2391 777 2471 reperire
792 2392 844 2451 sub
859 2391 912 2450 illo

173 2493 255 2551 posse
270 2473 347 2531 viam
362 2472 399 2531 ad
413 2493 510 2531 muros
525 2487 555 2532 et
568 2472 685 2532 moenia
701 2471 870 2533 Pallantea?

174 2553 314 2632 obstipuit
328 2573 433 2629 magno
447 2552 566 2612 laudum
581 2574 729 2630 percussus
745 2575 841 2613 amore

175 2634 316 2711 Euryalus
329 2658 339 2705 ;
360 2633 446 2693 simul
461 2634 505 2692 his
520 2633 670 2692 ardentem
686 2635 798 2694 adfatur
812 2634 960 2693 amicum:

156 2719 261 2774 ‘mene
276 2714 365 2790 igitur
379 2713 489 2773 socium
505 2715 623 2773 summis
638 2715 793 2791 adiungere
809 2716 902 2788 rebus,

175 2795 257 2866 Nise,
272 2795 369 2871 fugis?
390 2796 483 2855 solum
498 2811 527 2854 te
542 2795 574 2853 in
589 2810 667 2855 tanta
681 2796 811 2874 pericula
826 2796 962 2855 mittam?
1004 2825 1043 2854 ιω

175 2896 236 2934 ιιοιι
250 2875 291 2935 ita
305 2897 353 2937 me
368 2875 492 2953 genitor,
505 2875 591 2934 bellis
606 2876 740 2935 adsuetus
755 2877 908 2954 Opheltes,

174 2956 345 3032 Argolicum
360 2972 498 3016 terrorem
514 2956 590 3015 inter
605 2956 771 3036 Troiaeque
787 2958 896 3016 labores

175 3038 322 3096 sublatum
337 3037 465 3110 erudiit3
487 3057 542 3096 nec
558 3053 656 3098 tecum
674 3038 742 3096 talia
756 3039 838 3115 gessi,

95 3121 98 3126 '
175 3118 390 3194 magnanimum
404 3121 526 3179 Aenean
542 3134 571 3178 et
586 3119 644 3177 fata
660 3134 789 3178 extrema
803 3137 938 3179 secutus:

176 3215 218 3258 est
217 3199 290 3292 ,hic’
307 3214 349 3258 est
364 3200 476 3259 animus
492 3199 565 3258 lucis
568 3215 773 3293 contemptor,
790 3216 818 3260 et
833 3199 920 3260 istum

175 3279 226 3358 qui
241 3279 300 3338 vita
314 3280 390 3340 bene
405 3279 502 3340 credat
519 3278 586 3353 emi,
602 3302 660 3360 quo
679 3281 785 3353 tendis,
799 3281 960 3342 honorem.

175 3359 266 3418 Nisus
280 3360 316 3418 ad
330 3361 424 3420 haec:
448 3361 603 3440 ‘equidem
618 3361 654 3422 de
671 3377 699 3422 te
715 3362 757 3422 nil
773 3362 830 3423 tale
845 3363 971 3434 verebar,
