<?xml version="1.0" encoding="UTF-8"?>
<!DOCTYPE html PUBLIC "-//W3C//DTD XHTML 1.0 Transitional//EN"
    "http://www.w3.org/TR/xhtml1/DTD/xhtml1-transitional.dtd">
<html xmlns="http://www.w3.org/1999/xhtml" xml:lang="en" lang="en">
 <head>
  <title>
</title>
<meta http-equiv="Content-Type" content="text/html;charset=utf-8" />
  <meta name='ocr-system' content='tesseract 3.04.00' />
  <meta name='ocr-capabilities' content='ocr_page ocr_carea ocr_par ocr_line ocrx_word'/>
</head>
<body>
  <div class='ocr_page' id='page_1' title='image "./bucolicageorgic05virggoog/bucolicageorgic05virggoog_0268.png"; bbox 0 0 2568 4114; ppageno 0'>
   <div class='ocr_carea' id='block_1_1' title="bbox 425 332 1034 397">
    <p class='ocr_par' dir='ltr' id='par_1_1' title="bbox 425 332 1034 397">
     <span class='ocr_line' id='line_1_1' title="bbox 425 332 1034 397; baseline 0.003 -17"><span class='ocrx_word' id='word_1_1' title='bbox 425 332 593 381; x_wconf 80' lang='lat' dir='ltr'>aauarnos</span> <span class='ocrx_word' id='word_1_2' title='bbox 610 333 674 382; x_wconf 82' lang='lat' dir='ltr'>mn.</span> <span class='ocrx_word' id='word_1_3' title='bbox 691 332 743 381; x_wconf 88' lang='lat' dir='ltr'>vn</span> <span class='ocrx_word' id='word_1_4' title='bbox 989 349 1034 397; x_wconf 79' lang='lat'>24³</span> 
     </span>
    </p>
   </div>
   <div class='ocr_carea' id='block_1_2' title="bbox 170 461 1107 3366">
    <p class='ocr_par' dir='ltr' id='par_1_2' title="bbox 170 461 1107 1912">
     <span class='ocr_line' id='line_1_2' title="bbox 171 461 837 540; baseline 0.003 -19"><span class='ocrx_word' id='word_1_5' title='bbox 171 461 284 521; x_wconf 89' lang='lat' dir='ltr'>lumine</span> <span class='ocrx_word' id='word_1_6' title='bbox 299 463 441 521; x_wconf 86' lang='lat' dir='ltr'>fumantes</span> <span class='ocrx_word' id='word_1_7' title='bbox 457 461 520 520; x_wconf 85' lang='lat' dir='ltr'>fixit</span> <span class='ocrx_word' id='word_1_8' title='bbox 534 461 586 520; x_wconf 90' lang='lat' dir='ltr'>sub</span> <span class='ocrx_word' id='word_1_9' title='bbox 599 478 717 540; x_wconf 87' lang='lat' dir='ltr'>pectore</span> <span class='ocrx_word' id='word_1_10' title='bbox 732 462 837 524; x_wconf 85' lang='lat' dir='ltr'>taedas.</span> 
     </span>
     <span class='ocr_line' id='line_1_3' title="bbox 170 542 993 623; baseline 0.004 -22"><span class='ocrx_word' id='word_1_11' title='bbox 170 543 223 601; x_wconf 90' lang='lat' dir='ltr'>olli</span> <span class='ocrx_word' id='word_1_12' title='bbox 239 563 373 602; x_wconf 87' lang='lat' dir='ltr'>somnum</span> <span class='ocrx_word' id='word_1_13' title='bbox 385 542 488 619; x_wconf 89' lang='lat' dir='ltr'>ingens</span> <span class='ocrx_word' id='word_1_14' title='bbox 503 542 613 621; x_wconf 88' lang='lat' dir='ltr'>rumpit</span> <span class='ocrx_word' id='word_1_15' title='bbox 626 564 723 621; x_wconf 87' lang='lat' dir='ltr'>pavor,</span> <span class='ocrx_word' id='word_1_16' title='bbox 738 564 856 623; x_wconf 77' lang='lat' dir='ltr'>ossaque</span> <span class='ocrx_word' id='word_1_17' title='bbox 871 561 902 604; x_wconf 92' lang='lat' dir='ltr'>et</span> <span class='ocrx_word' id='word_1_18' title='bbox 916 561 993 608; x_wconf 81' lang='lat' dir='ltr'>artus</span> 
     </span>
     <span class='ocr_line' id='line_1_4' title="bbox 172 623 805 702; baseline 0.005 -21"><span class='ocrx_word' id='word_1_19' title='bbox 172 623 321 702; x_wconf 88' lang='lat' dir='ltr'>perfundit</span> <span class='ocrx_word' id='word_1_20' title='bbox 336 639 397 683; x_wconf 90' lang='lat' dir='ltr'>toto</span> <span class='ocrx_word' id='word_1_21' title='bbox 410 638 561 702; x_wconf 87' lang='lat' dir='ltr'>proruptus</span> <span class='ocrx_word' id='word_1_22' title='bbox 577 645 696 702; x_wconf 89' lang='lat' dir='ltr'>corpore</span> <span class='ocrx_word' id='word_1_23' title='bbox 711 625 805 685; x_wconf 90' lang='lat' dir='ltr'>sudor.</span> 
     </span>
     <span class='ocr_line' id='line_1_5' title="bbox 173 705 1038 785; baseline 0.005 -23"><span class='ocrx_word' id='word_1_24' title='bbox 173 725 250 764; x_wconf 89' lang='lat' dir='ltr'>arma</span> <span class='ocrx_word' id='word_1_25' title='bbox 265 724 363 764; x_wconf 89' lang='lat' dir='ltr'>amens</span> <span class='ocrx_word' id='word_1_26' title='bbox 379 705 485 776; x_wconf 89' lang='lat' dir='ltr'>fremit,</span> <span class='ocrx_word' id='word_1_27' title='bbox 497 725 575 764; x_wconf 90' lang='lat' dir='ltr'>arma</span> <span class='ocrx_word' id='word_1_28' title='bbox 590 720 652 764; x_wconf 91' lang='lat' dir='ltr'>toro</span> <span class='ocrx_word' id='word_1_29' title='bbox 666 706 809 784; x_wconf 89' lang='lat' dir='ltr'>tectisque</span> <span class='ocrx_word' id='word_1_30' title='bbox 823 707 953 785; x_wconf 88' lang='lat' dir='ltr'>requirit.</span> <span class='ocrx_word' id='word_1_31' title='bbox 1000 725 1038 776; x_wconf 83' lang='lat'>460</span> 
     </span>
     <span class='ocr_line' id='line_1_6' title="bbox 172 785 874 858; baseline 0.003 -15"><span class='ocrx_word' id='word_1_32' title='bbox 172 785 261 845; x_wconf 90' lang='lat' dir='ltr'>saevit</span> <span class='ocrx_word' id='word_1_33' title='bbox 276 806 355 846; x_wconf 90' lang='lat' dir='ltr'>amor</span> <span class='ocrx_word' id='word_1_34' title='bbox 369 786 436 845; x_wconf 88' lang='lat' dir='ltr'>ferri</span> <span class='ocrx_word' id='word_1_35' title='bbox 452 801 481 846; x_wconf 92' lang='lat' dir='ltr'>et</span> <span class='ocrx_word' id='word_1_36' title='bbox 495 787 633 846; x_wconf 87' lang='lat' dir='ltr'>scelerata</span> <span class='ocrx_word' id='word_1_37' title='bbox 646 787 756 846; x_wconf 87' lang='lat' dir='ltr'>insania</span> <span class='ocrx_word' id='word_1_38' title='bbox 769 786 850 858; x_wconf 89' lang='lat' dir='ltr'>belli,</span> <span class='ocrx_word' id='word_1_39' title='bbox 872 849 874 856; x_wconf 61' lang='grc'><em>,</em></span> 
     </span>
     <span class='ocr_line' id='line_1_7' title="bbox 171 866 889 945; baseline 0.006 -21"><span class='ocrx_word' id='word_1_40' title='bbox 171 866 213 924; x_wconf 91' lang='lat' dir='ltr'>ira</span> <span class='ocrx_word' id='word_1_41' title='bbox 228 887 330 945; x_wconf 90' lang='lat' dir='ltr'>super:</span> <span class='ocrx_word' id='word_1_42' title='bbox 351 887 455 944; x_wconf 90' lang='lat' dir='ltr'>magno</span> <span class='ocrx_word' id='word_1_43' title='bbox 468 867 559 926; x_wconf 87' lang='lat' dir='ltr'>veluti</span> <span class='ocrx_word' id='word_1_44' title='bbox 574 887 642 927; x_wconf 91' lang='lat' dir='ltr'>cum</span> <span class='ocrx_word' id='word_1_45' title='bbox 657 867 772 926; x_wconf 86' lang='lat' dir='ltr'>flamma</span> <span class='ocrx_word' id='word_1_46' title='bbox 786 887 889 928; x_wconf 89' lang='lat' dir='ltr'>sonore</span> 
     </span>
     <span class='ocr_line' id='line_1_8' title="bbox 171 947 782 1024; baseline 0.002 -19"><span class='ocrx_word' id='word_1_47' title='bbox 171 948 268 1024; x_wconf 87' lang='lat' dir='ltr'>virgea</span> <span class='ocrx_word' id='word_1_48' title='bbox 283 947 442 1024; x_wconf 78' lang='lat' dir='ltr'>suggeritur</span> <span class='ocrx_word' id='word_1_49' title='bbox 457 948 542 1007; x_wconf 92' lang='lat' dir='ltr'>costis</span> <span class='ocrx_word' id='word_1_50' title='bbox 556 948 693 1007; x_wconf 90' lang='lat' dir='ltr'>undantis</span> <span class='ocrx_word' id='word_1_51' title='bbox 708 948 782 1021; x_wconf 66' lang='lat' dir='ltr'>aeni,</span> 
     </span>
     <span class='ocr_line' id='line_1_9' title="bbox 173 1029 889 1108; baseline 0.003 -22"><span class='ocrx_word' id='word_1_52' title='bbox 173 1029 377 1107; x_wconf 85' lang='lat' dir='ltr'>exsultantque</span> <span class='ocrx_word' id='word_1_53' title='bbox 392 1044 471 1088; x_wconf 88' lang='lat' dir='ltr'>aestu</span> <span class='ocrx_word' id='word_1_54' title='bbox 486 1029 586 1088; x_wconf 91' lang='lat' dir='ltr'>latices</span> <span class='ocrx_word' id='word_1_55' title='bbox 599 1054 608 1101; x_wconf 92' lang='lat'>;</span> <span class='ocrx_word' id='word_1_56' title='bbox 629 1029 699 1088; x_wconf 89' lang='lat' dir='ltr'>furit</span> <span class='ocrx_word' id='word_1_57' title='bbox 713 1029 790 1088; x_wconf 89' lang='lat' dir='ltr'>intus</span> <span class='ocrx_word' id='word_1_58' title='bbox 805 1029 889 1108; x_wconf 91' lang='lat' dir='ltr'>aquai</span> 
     </span>
     <span class='ocr_line' id='line_1_10' title="bbox 172 1109 882 1188; baseline 0.001 -21"><span class='ocrx_word' id='word_1_59' title='bbox 172 1109 301 1168; x_wconf 89' lang='lat' dir='ltr'>fumidus</span> <span class='ocrx_word' id='word_1_60' title='bbox 315 1124 402 1188; x_wconf 88' lang='lat' dir='ltr'>atque</span> <span class='ocrx_word' id='word_1_61' title='bbox 417 1110 475 1168; x_wconf 90' lang='lat' dir='ltr'>alte</span> <span class='ocrx_word' id='word_1_62' title='bbox 489 1110 597 1188; x_wconf 90' lang='lat' dir='ltr'>spumis</span> <span class='ocrx_word' id='word_1_63' title='bbox 613 1110 751 1170; x_wconf 83' lang='lat' dir='ltr'>exuberat</span> <span class='ocrx_word' id='word_1_64' title='bbox 765 1110 858 1170; x_wconf 88' lang='lat' dir='ltr'>amnis</span> <span class='ocrx_word' id='word_1_65' title='bbox 872 1134 882 1179; x_wconf 92' lang='lat'>;</span> 
     </span>
     <span class='ocr_line' id='line_1_11' title="bbox 173 1189 992 1269; baseline 0.002 -21"><span class='ocrx_word' id='word_1_66' title='bbox 173 1210 228 1248; x_wconf 91' lang='lat' dir='ltr'>nec</span> <span class='ocrx_word' id='word_1_67' title='bbox 244 1189 302 1249; x_wconf 85' lang='lat' dir='ltr'>iam</span> <span class='ocrx_word' id='word_1_68' title='bbox 317 1211 348 1248; x_wconf 88' lang='lat' dir='ltr'>se</span> <span class='ocrx_word' id='word_1_69' title='bbox 362 1190 442 1268; x_wconf 85' lang='lat' dir='ltr'>capit</span> <span class='ocrx_word' id='word_1_70' title='bbox 456 1191 534 1248; x_wconf 90' lang='lat' dir='ltr'>unda</span> <span class='ocrx_word' id='word_1_71' title='bbox 548 1216 557 1262; x_wconf 88' lang='lat'>;</span> <span class='ocrx_word' id='word_1_72' title='bbox 577 1192 657 1251; x_wconf 91' lang='lat' dir='ltr'>volat</span> <span class='ocrx_word' id='word_1_73' title='bbox 671 1212 761 1269; x_wconf 87' lang='lat' dir='ltr'>vapor</span> <span class='ocrx_word' id='word_1_74' title='bbox 775 1207 836 1250; x_wconf 89' lang='lat' dir='ltr'>ater</span> <span class='ocrx_word' id='word_1_75' title='bbox 849 1191 886 1250; x_wconf 86' lang='lat' dir='ltr'>ad</span> <span class='ocrx_word' id='word_1_76' title='bbox 901 1212 992 1250; x_wconf 88' lang='lat' dir='ltr'>auras.</span> 
     </span>
     <span class='ocr_line' id='line_1_12' title="bbox 174 1270 838 1350; baseline 0.002 -21"><span class='ocrx_word' id='word_1_77' title='bbox 174 1291 240 1346; x_wconf 90' lang='lat' dir='ltr'>ergo</span> <span class='ocrx_word' id='word_1_78' title='bbox 255 1270 311 1330; x_wconf 90' lang='lat' dir='ltr'>iter</span> <span class='ocrx_word' id='word_1_79' title='bbox 325 1271 362 1329; x_wconf 92' lang='lat' dir='ltr'>ad</span> <span class='ocrx_word' id='word_1_80' title='bbox 375 1291 472 1346; x_wconf 88' lang='lat' dir='ltr'>regem</span> <span class='ocrx_word' id='word_1_81' title='bbox 486 1272 599 1349; x_wconf 89' lang='lat' dir='ltr'>polluta</span> <span class='ocrx_word' id='word_1_82' title='bbox 612 1293 685 1350; x_wconf 91' lang='lat' dir='ltr'>pace</span> <span class='ocrx_word' id='word_1_83' title='bbox 699 1271 838 1330; x_wconf 90' lang='lat' dir='ltr'>Latinum</span> 
     </span>
     <span class='ocr_line' id='line_1_13' title="bbox 172 1351 907 1431; baseline 0.003 -23"><span class='ocrx_word' id='word_1_84' title='bbox 172 1351 279 1410; x_wconf 88' lang='lat' dir='ltr'>indicit</span> <span class='ocrx_word' id='word_1_85' title='bbox 293 1351 393 1430; x_wconf 90' lang='lat' dir='ltr'>primis</span> <span class='ocrx_word' id='word_1_86' title='bbox 408 1352 557 1426; x_wconf 82' lang='lat' dir='ltr'>iuvenum,</span> <span class='ocrx_word' id='word_1_87' title='bbox 573 1368 602 1411; x_wconf 91' lang='lat' dir='ltr'>et</span> <span class='ocrx_word' id='word_1_88' title='bbox 616 1353 698 1412; x_wconf 89' lang='lat' dir='ltr'>iubet</span> <span class='ocrx_word' id='word_1_89' title='bbox 711 1373 790 1411; x_wconf 85' lang='lat' dir='ltr'>arma</span> <span class='ocrx_word' id='word_1_90' title='bbox 804 1352 907 1431; x_wconf 91' lang='lat' dir='ltr'>parari,</span> 
     </span>
     <span class='ocr_line' id='line_1_14' title="bbox 173 1431 842 1505; baseline 0.001 -15"><span class='ocrx_word' id='word_1_91' title='bbox 173 1431 261 1491; x_wconf 88' lang='lat' dir='ltr'>tutari</span> <span class='ocrx_word' id='word_1_92' title='bbox 276 1432 403 1505; x_wconf 85' lang='lat' dir='ltr'>Italiam,</span> <span class='ocrx_word' id='word_1_93' title='bbox 417 1433 572 1492; x_wconf 82' lang='lat' dir='ltr'>detrudere</span> <span class='ocrx_word' id='word_1_94' title='bbox 587 1433 693 1492; x_wconf 87' lang='lat' dir='ltr'>finibus</span> <span class='ocrx_word' id='word_1_95' title='bbox 707 1435 820 1492; x_wconf 89' lang='lat' dir='ltr'>hostem</span> <span class='ocrx_word' id='word_1_96' title='bbox 832 1459 842 1505; x_wconf 90' lang='lat'>;</span> 
     </span>
     <span class='ocr_line' id='line_1_15' title="bbox 173 1512 1107 1593; baseline 0.002 -23"><span class='ocrx_word' id='word_1_97' title='bbox 173 1533 203 1570; x_wconf 89' lang='lat' dir='ltr'>se</span> <span class='ocrx_word' id='word_1_98' title='bbox 218 1512 283 1572; x_wconf 84' lang='lat' dir='ltr'>satis</span> <span class='ocrx_word' id='word_1_99' title='bbox 298 1513 437 1572; x_wconf 90' lang='lat' dir='ltr'>ambobus</span> <span class='ocrx_word' id='word_1_100' title='bbox 453 1513 634 1593; x_wconf 83' lang='lat' dir='ltr'>Teucrisque</span> <span class='ocrx_word' id='word_1_101' title='bbox 648 1514 750 1573; x_wconf 86' lang='lat' dir='ltr'>venire</span> <span class='ocrx_word' id='word_1_102' title='bbox 764 1513 945 1592; x_wconf 84' lang='lat' dir='ltr'>Latinisque.</span> <span class='ocrx_word' id='word_1_103' title='bbox 1000 1544 1039 1582; x_wconf 79' lang='lat'>470</span> <span class='ocrx_word' id='word_1_104' title='bbox 1105 1548 1107 1552; x_wconf 95' lang='lat'>·</span> 
     </span>
     <span class='ocr_line' id='line_1_16' title="bbox 173 1593 919 1674; baseline 0.003 -24"><span class='ocrx_word' id='word_1_105' title='bbox 173 1595 244 1652; x_wconf 92' lang='lat' dir='ltr'>haec</span> <span class='ocrx_word' id='word_1_106' title='bbox 259 1593 309 1652; x_wconf 92' lang='lat' dir='ltr'>ubi</span> <span class='ocrx_word' id='word_1_107' title='bbox 324 1593 403 1653; x_wconf 89' lang='lat' dir='ltr'>dicta</span> <span class='ocrx_word' id='word_1_108' title='bbox 417 1594 499 1654; x_wconf 89' lang='lat' dir='ltr'>dedit</span> <span class='ocrx_word' id='word_1_109' title='bbox 514 1594 653 1674; x_wconf 90' lang='lat' dir='ltr'>divosque</span> <span class='ocrx_word' id='word_1_110' title='bbox 666 1595 698 1653; x_wconf 92' lang='lat' dir='ltr'>in</span> <span class='ocrx_word' id='word_1_111' title='bbox 714 1610 781 1654; x_wconf 88' lang='lat' dir='ltr'>vota</span> <span class='ocrx_word' id='word_1_112' title='bbox 795 1594 919 1667; x_wconf 84' lang='lat' dir='ltr'>vocavit,</span> 
     </span>
     <span class='ocr_line' id='line_1_17' title="bbox 173 1674 866 1736; baseline 0.006 -4"><span class='ocrx_word' id='word_1_113' title='bbox 173 1674 306 1734; x_wconf 88' lang='lat' dir='ltr'>certatim</span> <span class='ocrx_word' id='word_1_114' title='bbox 321 1695 382 1733; x_wconf 92' lang='lat' dir='ltr'>sese</span> <span class='ocrx_word' id='word_1_115' title='bbox 397 1675 500 1734; x_wconf 89' lang='lat' dir='ltr'>Rutuli</span> <span class='ocrx_word' id='word_1_116' title='bbox 516 1679 706 1735; x_wconf 86' lang='lat' dir='ltr'>exhortantur</span> <span class='ocrx_word' id='word_1_117' title='bbox 721 1676 752 1734; x_wconf 89' lang='lat' dir='ltr'>in</span> <span class='ocrx_word' id='word_1_118' title='bbox 767 1696 866 1736; x_wconf 87' lang='lat' dir='ltr'>arma:</span> 
     </span>
     <span class='ocr_line' id='line_1_18' title="bbox 173 1755 1014 1834; baseline 0.001 -21"><span class='ocrx_word' id='word_1_119' title='bbox 173 1755 254 1814; x_wconf 87' lang='lat' dir='ltr'>hunc</span> <span class='ocrx_word' id='word_1_120' title='bbox 268 1755 354 1814; x_wconf 88' lang='lat' dir='ltr'>decus</span> <span class='ocrx_word' id='word_1_121' title='bbox 370 1756 515 1832; x_wconf 87' lang='lat' dir='ltr'>egregium</span> <span class='ocrx_word' id='word_1_122' title='bbox 530 1757 639 1816; x_wconf 87' lang='lat' dir='ltr'>formae</span> <span class='ocrx_word' id='word_1_123' title='bbox 654 1771 752 1815; x_wconf 90' lang='lat' dir='ltr'>movet</span> <span class='ocrx_word' id='word_1_124' title='bbox 767 1771 853 1834; x_wconf 90' lang='lat' dir='ltr'>atque</span> <span class='ocrx_word' id='word_1_125' title='bbox 868 1756 1014 1828; x_wconf 87' lang='lat' dir='ltr'>inventae,</span> 
     </span>
     <span class='ocr_line' id='line_1_19' title="bbox 172 1836 881 1912; baseline 0.003 -18"><span class='ocrx_word' id='word_1_126' title='bbox 172 1836 252 1894; x_wconf 90' lang='lat' dir='ltr'>bunc</span> <span class='ocrx_word' id='word_1_127' title='bbox 268 1837 343 1895; x_wconf 86' lang='lat' dir='ltr'>atavi</span> <span class='ocrx_word' id='word_1_128' title='bbox 357 1857 446 1912; x_wconf 88' lang='lat' dir='ltr'>reges,</span> <span class='ocrx_word' id='word_1_129' title='bbox 461 1839 541 1895; x_wconf 89' lang='lat' dir='ltr'>hunc</span> <span class='ocrx_word' id='word_1_130' title='bbox 556 1837 639 1896; x_wconf 90' lang='lat' dir='ltr'>claris</span> <span class='ocrx_word' id='word_1_131' title='bbox 654 1836 773 1894; x_wconf 83' lang='lat' dir='ltr'>dextera</span> <span class='ocrx_word' id='word_1_132' title='bbox 788 1836 881 1896; x_wconf 86' lang='lat' dir='ltr'>factis.</span> 
     </span>
    </p>

    <p class='ocr_par' dir='ltr' id='par_1_3' title="bbox 172 1915 1039 3366">
     <span class='ocr_line' id='line_1_20' title="bbox 213 1915 969 1994; baseline 0.001 -19"><span class='ocrx_word' id='word_1_133' title='bbox 213 1916 285 1976; x_wconf 91' lang='lat' dir='ltr'>dum</span> <span class='ocrx_word' id='word_1_134' title='bbox 299 1917 420 1975; x_wconf 86' lang='lat' dir='ltr'>Turnus</span> <span class='ocrx_word' id='word_1_135' title='bbox 436 1916 561 1975; x_wconf 90' lang='lat' dir='ltr'>Rutulos</span> <span class='ocrx_word' id='word_1_136' title='bbox 576 1916 680 1975; x_wconf 89' lang='lat' dir='ltr'>animis</span> <span class='ocrx_word' id='word_1_137' title='bbox 695 1915 850 1975; x_wconf 86' lang='lat' dir='ltr'>audacibus</span> <span class='ocrx_word' id='word_1_138' title='bbox 865 1917 969 1994; x_wconf 87' lang='lat' dir='ltr'>inplet,</span> 
     </span>
     <span class='ocr_line' id='line_1_21' title="bbox 172 1995 1009 2072; baseline -0.002 -16"><span class='ocrx_word' id='word_1_139' title='bbox 172 1997 292 2056; x_wconf 86' lang='lat' dir='ltr'>Allecto</span> <span class='ocrx_word' id='word_1_140' title='bbox 306 1997 338 2056; x_wconf 88' lang='lat' dir='ltr'>in</span> <span class='ocrx_word' id='word_1_141' title='bbox 353 1997 486 2056; x_wconf 89' lang='lat' dir='ltr'>Teucros</span> <span class='ocrx_word' id='word_1_142' title='bbox 502 1995 606 2072; x_wconf 86' lang='lat' dir='ltr'>Stygiis</span> <span class='ocrx_word' id='word_1_143' title='bbox 621 2017 651 2055; x_wconf 89' lang='lat' dir='ltr'>se</span> <span class='ocrx_word' id='word_1_144' title='bbox 666 1996 795 2056; x_wconf 84' lang='lat' dir='ltr'>concitat</span> <span class='ocrx_word' id='word_1_145' title='bbox 808 1997 869 2070; x_wconf 86' lang='lat' dir='ltr'>alis,</span> <span class='ocrx_word' id='word_1_146' title='bbox 1007 2066 1009 2072; x_wconf 28' lang='grc' dir='ltr'>Ι</span> 
     </span>
     <span class='ocr_line' id='line_1_22' title="bbox 173 2077 924 2156; baseline 0.001 -20"><span class='ocrx_word' id='word_1_147' title='bbox 173 2093 234 2136; x_wconf 90' lang='lat' dir='ltr'>arte</span> <span class='ocrx_word' id='word_1_148' title='bbox 250 2099 325 2136; x_wconf 90' lang='lat' dir='ltr'>nova</span> <span class='ocrx_word' id='word_1_149' title='bbox 340 2078 491 2155; x_wconf 84' lang='lat' dir='ltr'>speculata·</span> <span class='ocrx_word' id='word_1_150' title='bbox 503 2077 610 2150; x_wconf 81' lang='lat' dir='ltr'>locum,</span> <span class='ocrx_word' id='word_1_151' title='bbox 626 2097 683 2156; x_wconf 93' lang='lat' dir='ltr'>quo</span> <span class='ocrx_word' id='word_1_152' title='bbox 698 2077 784 2136; x_wconf 90' lang='lat' dir='ltr'>litore</span> <span class='ocrx_word' id='word_1_153' title='bbox 798 2078 924 2155; x_wconf 88' lang='lat' dir='ltr'>pulcher</span> 
     </span>
     <span class='ocr_line' id='line_1_23' title="bbox 172 2157 776 2234; baseline 0.002 -18"><span class='ocrx_word' id='word_1_154' title='bbox 172 2158 285 2217; x_wconf 84' lang='lat' dir='ltr'>insidiis</span> <span class='ocrx_word' id='word_1_155' title='bbox 300 2177 444 2234; x_wconf 91' lang='lat' dir='ltr'>cursuque</span> <span class='ocrx_word' id='word_1_156' title='bbox 458 2157 532 2215; x_wconf 87' lang='lat' dir='ltr'>feras</span> <span class='ocrx_word' id='word_1_157' title='bbox 548 2157 672 2233; x_wconf 84' lang='lat' dir='ltr'>agitabat</span> <span class='ocrx_word' id='word_1_158' title='bbox 686 2158 776 2218; x_wconf 90' lang='lat' dir='ltr'>Iulus.</span> 
     </span>
     <span class='ocr_line' id='line_1_24' title="bbox 172 2237 855 2315; baseline 0 -18"><span class='ocrx_word' id='word_1_159' title='bbox 172 2239 221 2298; x_wconf 94' lang='lat' dir='ltr'>hic</span> <span class='ocrx_word' id='word_1_160' title='bbox 237 2238 363 2296; x_wconf 87' lang='lat' dir='ltr'>subitam</span> <span class='ocrx_word' id='word_1_161' title='bbox 378 2237 498 2299; x_wconf 91' lang='lat' dir='ltr'>canibus</span> <span class='ocrx_word' id='word_1_162' title='bbox 512 2237 623 2296; x_wconf 82' lang='lat' dir='ltr'>rabiem</span> <span class='ocrx_word' id='word_1_163' title='bbox 638 2237 761 2314; x_wconf 84' lang='lat' dir='ltr'>Cocytia</span> <span class='ocrx_word' id='word_1_164' title='bbox 775 2238 855 2315; x_wconf 86' lang='lat' dir='ltr'>virgo</span> 
     </span>
     <span class='ocr_line' id='line_1_25' title="bbox 172 2317 1039 2396; baseline -0.001 -18"><span class='ocrx_word' id='word_1_165' title='bbox 172 2319 273 2391; x_wconf 89' lang='lat' dir='ltr'>obicit,</span> <span class='ocrx_word' id='word_1_166' title='bbox 289 2334 318 2378; x_wconf 93' lang='lat' dir='ltr'>et</span> <span class='ocrx_word' id='word_1_167' title='bbox 333 2335 404 2378; x_wconf 90' lang='lat' dir='ltr'>noto</span> <span class='ocrx_word' id='word_1_168' title='bbox 419 2339 501 2378; x_wconf 90' lang='lat' dir='ltr'>nares</span> <span class='ocrx_word' id='word_1_169' title='bbox 517 2317 661 2396; x_wconf 84' lang='lat' dir='ltr'>contingit</span> <span class='ocrx_word' id='word_1_170' title='bbox 676 2319 773 2391; x_wconf 89' lang='lat' dir='ltr'>odore,</span> <span class='ocrx_word' id='word_1_171' title='bbox 1001 2336 1039 2386; x_wconf 77' lang='lat'>480</span> 
     </span>
     <span class='ocr_line' id='line_1_26' title="bbox 172 2399 990 2478; baseline -0.001 -19"><span class='ocrx_word' id='word_1_172' title='bbox 172 2415 206 2459; x_wconf 91' lang='lat' dir='ltr'>ut</span> <span class='ocrx_word' id='word_1_173' title='bbox 221 2419 340 2458; x_wconf 90' lang='lat' dir='ltr'>cervum</span> <span class='ocrx_word' id='word_1_174' title='bbox 355 2400 486 2459; x_wconf 84' lang='lat' dir='ltr'>ardentes</span> <span class='ocrx_word' id='word_1_175' title='bbox 501 2414 641 2476; x_wconf 87' lang='lat' dir='ltr'>agerent:</span> <span class='ocrx_word' id='word_1_176' title='bbox 662 2420 736 2478; x_wconf 89' lang='lat' dir='ltr'>quae</span> <span class='ocrx_word' id='word_1_177' title='bbox 750 2399 844 2478; x_wconf 89' lang='lat' dir='ltr'>prima</span> <span class='ocrx_word' id='word_1_178' title='bbox 857 2400 990 2459; x_wconf 86' lang='lat' dir='ltr'>laborum</span> 
     </span>
     <span class='ocr_line' id='line_1_27' title="bbox 173 2480 915 2559; baseline -0.001 -19"><span class='ocrx_word' id='word_1_179' title='bbox 173 2501 258 2540; x_wconf 90' lang='lat' dir='ltr'>causa</span> <span class='ocrx_word' id='word_1_180' title='bbox 273 2480 339 2554; x_wconf 79' lang='lat' dir='ltr'>fuit,</span> <span class='ocrx_word' id='word_1_181' title='bbox 355 2480 494 2559; x_wconf 91' lang='lat' dir='ltr'>belloque</span> <span class='ocrx_word' id='word_1_182' title='bbox 508 2480 620 2540; x_wconf 87' lang='lat' dir='ltr'>animos</span> <span class='ocrx_word' id='word_1_183' title='bbox 635 2480 769 2540; x_wconf 87' lang='lat' dir='ltr'>accendit</span> <span class='ocrx_word' id='word_1_184' title='bbox 784 2495 915 2556; x_wconf 88' lang='lat' dir='ltr'>agrestes.</span> 
     </span>
     <span class='ocr_line' id='line_1_28' title="bbox 173 2560 993 2639; baseline -0.002 -19"><span class='ocrx_word' id='word_1_185' title='bbox 173 2582 274 2620; x_wconf 88' lang='lat' dir='ltr'>cervus</span> <span class='ocrx_word' id='word_1_186' title='bbox 291 2577 351 2621; x_wconf 89' lang='lat' dir='ltr'>erat</span> <span class='ocrx_word' id='word_1_187' title='bbox 365 2562 458 2620; x_wconf 86' lang='lat' dir='ltr'>forma</span> <span class='ocrx_word' id='word_1_188' title='bbox 472 2561 630 2639; x_wconf 87' lang='lat' dir='ltr'>praestanti</span> <span class='ocrx_word' id='word_1_189' title='bbox 645 2578 675 2621; x_wconf 89' lang='lat' dir='ltr'>et</span> <span class='ocrx_word' id='word_1_190' title='bbox 688 2561 825 2620; x_wconf 89' lang='lat' dir='ltr'>cornibus</span> <span class='ocrx_word' id='word_1_191' title='bbox 839 2560 952 2636; x_wconf 86' lang='lat' dir='ltr'>ingens,</span> <span class='ocrx_word' id='word_1_192' title='bbox 991 2579 993 2584; x_wconf 76' lang='grc'>’</span> 
     </span>
     <span class='ocr_line' id='line_1_29' title="bbox 174 2641 934 2720; baseline 0 -21"><span class='ocrx_word' id='word_1_193' title='bbox 174 2642 338 2719; x_wconf 80' lang='lat' dir='ltr'>Tyrrhidae</span> <span class='ocrx_word' id='word_1_194' title='bbox 353 2641 435 2720; x_wconf 91' lang='lat' dir='ltr'>pueri</span> <span class='ocrx_word' id='word_1_195' title='bbox 450 2663 539 2720; x_wconf 87' lang='lat' dir='ltr'>quern</span> <span class='ocrx_word' id='word_1_196' title='bbox 553 2642 653 2702; x_wconf 87' lang='lat' dir='ltr'>matris</span> <span class='ocrx_word' id='word_1_197' title='bbox 668 2643 703 2701; x_wconf 92' lang='lat' dir='ltr'>ab</span> <span class='ocrx_word' id='word_1_198' title='bbox 718 2641 806 2700; x_wconf 91' lang='lat' dir='ltr'>ubere</span> <span class='ocrx_word' id='word_1_199' title='bbox 819 2656 934 2718; x_wconf 89' lang='lat' dir='ltr'>raptum</span> 
     </span>
     <span class='ocr_line' id='line_1_30' title="bbox 174 2722 928 2802; baseline 0.001 -22"><span class='ocrx_word' id='word_1_200' title='bbox 174 2723 326 2782; x_wconf 89' lang='lat' dir='ltr'>nutribant</span> <span class='ocrx_word' id='word_1_201' title='bbox 340 2723 549 2802; x_wconf 84' lang='lat' dir='ltr'>Tyrrheusque</span> <span class='ocrx_word' id='word_1_202' title='bbox 562 2738 655 2802; x_wconf 87' lang='lat' dir='ltr'>pater,</span> <span class='ocrx_word' id='word_1_203' title='bbox 670 2722 717 2781; x_wconf 90' lang='lat' dir='ltr'>cui</span> <span class='ocrx_word' id='word_1_204' title='bbox 733 2722 810 2798; x_wconf 85' lang='lat' dir='ltr'>regia</span> <span class='ocrx_word' id='word_1_205' title='bbox 823 2736 928 2800; x_wconf 88' lang='lat' dir='ltr'>parent</span> 
     </span>
     <span class='ocr_line' id='line_1_31' title="bbox 173 2803 814 2882; baseline 0.003 -21"><span class='ocrx_word' id='word_1_206' title='bbox 173 2819 312 2876; x_wconf 86' lang='lat' dir='ltr'>armenta,</span> <span class='ocrx_word' id='word_1_207' title='bbox 329 2819 359 2862; x_wconf 88' lang='lat' dir='ltr'>et</span> <span class='ocrx_word' id='word_1_208' title='bbox 373 2803 425 2862; x_wconf 88' lang='lat' dir='ltr'>lati</span> <span class='ocrx_word' id='word_1_209' title='bbox 440 2804 573 2882; x_wconf 85' lang='lat' dir='ltr'>custodia</span> <span class='ocrx_word' id='word_1_210' title='bbox 585 2803 695 2862; x_wconf 85' lang='lat' dir='ltr'>credita</span> <span class='ocrx_word' id='word_1_211' title='bbox 709 2803 814 2881; x_wconf 88' lang='lat' dir='ltr'>campi.</span> 
     </span>
     <span class='ocr_line' id='line_1_32' title="bbox 174 2884 843 2962; baseline 0 -20"><span class='ocrx_word' id='word_1_212' title='bbox 174 2884 326 2942; x_wconf 90' lang='lat' dir='ltr'>adsuetum</span> <span class='ocrx_word' id='word_1_213' title='bbox 341 2884 469 2962; x_wconf 89' lang='lat' dir='ltr'>imperiis</span> <span class='ocrx_word' id='word_1_214' title='bbox 484 2905 562 2942; x_wconf 89' lang='lat' dir='ltr'>soror</span> <span class='ocrx_word' id='word_1_215' title='bbox 577 2884 657 2944; x_wconf 86' lang='lat' dir='ltr'>omni</span> <span class='ocrx_word' id='word_1_216' title='bbox 673 2884 761 2962; x_wconf 85' lang='lat' dir='ltr'>Silvia</span> <span class='ocrx_word' id='word_1_217' title='bbox 775 2903 843 2943; x_wconf 91' lang='lat' dir='ltr'>cura</span> 
     </span>
     <span class='ocr_line' id='line_1_33' title="bbox 174 2964 825 3037; baseline 0.002 -15"><span class='ocrx_word' id='word_1_218' title='bbox 174 2964 311 3023; x_wconf 90' lang='lat' dir='ltr'>mollibus</span> <span class='ocrx_word' id='word_1_219' title='bbox 326 2965 460 3024; x_wconf 83' lang='lat' dir='ltr'>intexens</span> <span class='ocrx_word' id='word_1_220' title='bbox 475 2966 597 3024; x_wconf 90' lang='lat' dir='ltr'>ornabat</span> <span class='ocrx_word' id='word_1_221' title='bbox 611 2984 719 3025; x_wconf 89' lang='lat' dir='ltr'>cornua</span> <span class='ocrx_word' id='word_1_222' title='bbox 735 2964 825 3037; x_wconf 83' lang='lat' dir='ltr'>sertis,</span> 
     </span>
     <span class='ocr_line' id='line_1_34' title="bbox 173 3045 917 3125; baseline 0.001 -21"><span class='ocrx_word' id='word_1_223' title='bbox 173 3046 369 3124; x_wconf 87' lang='lat' dir='ltr'>pectebatque</span> <span class='ocrx_word' id='word_1_224' title='bbox 383 3046 488 3119; x_wconf 88' lang='lat' dir='ltr'>ferum,</span> <span class='ocrx_word' id='word_1_225' title='bbox 502 3066 636 3125; x_wconf 90' lang='lat' dir='ltr'>puroque</span> <span class='ocrx_word' id='word_1_226' title='bbox 649 3045 681 3104; x_wconf 91' lang='lat' dir='ltr'>in</span> <span class='ocrx_word' id='word_1_227' title='bbox 696 3046 779 3104; x_wconf 88' lang='lat' dir='ltr'>fonte</span> <span class='ocrx_word' id='word_1_228' title='bbox 793 3046 917 3106; x_wconf 85' lang='lat' dir='ltr'>lavabat.</span> 
     </span>
     <span class='ocr_line' id='line_1_35' title="bbox 174 3125 1039 3205; baseline 0.001 -22"><span class='ocrx_word' id='word_1_229' title='bbox 174 3125 234 3198; x_wconf 89' lang='lat' dir='ltr'>ille,</span> <span class='ocrx_word' id='word_1_230' title='bbox 250 3145 370 3184; x_wconf 90' lang='lat' dir='ltr'>manum</span> <span class='ocrx_word' id='word_1_231' title='bbox 385 3125 496 3204; x_wconf 90' lang='lat' dir='ltr'>patiens</span> <span class='ocrx_word' id='word_1_232' title='bbox 510 3146 686 3205; x_wconf 88' lang='lat' dir='ltr'>mensaeque</span> <span class='ocrx_word' id='word_1_233' title='bbox 701 3127 835 3186; x_wconf 88' lang='lat' dir='ltr'>adsuetus</span> <span class='ocrx_word' id='word_1_234' title='bbox 849 3127 946 3200; x_wconf 87' lang='lat' dir='ltr'>herili,</span> <span class='ocrx_word' id='word_1_235' title='bbox 1001 3154 1039 3196; x_wconf 69' lang='lat'>⁴⁹⁰</span> 
     </span>
     <span class='ocr_line' id='line_1_36' title="bbox 173 3205 800 3286; baseline 0.003 -22"><span class='ocrx_word' id='word_1_236' title='bbox 173 3207 286 3266; x_wconf 90' lang='lat' dir='ltr'>errabat</span> <span class='ocrx_word' id='word_1_237' title='bbox 300 3205 379 3264; x_wconf 88' lang='lat' dir='ltr'>silvis</span> <span class='ocrx_word' id='word_1_238' title='bbox 395 3227 548 3286; x_wconf 88' lang='lat' dir='ltr'>rursusque</span> <span class='ocrx_word' id='word_1_239' title='bbox 563 3207 600 3266; x_wconf 90' lang='lat' dir='ltr'>ad</span> <span class='ocrx_word' id='word_1_240' title='bbox 614 3206 717 3266; x_wconf 91' lang='lat' dir='ltr'>limina</span> <span class='ocrx_word' id='word_1_241' title='bbox 731 3223 800 3266; x_wconf 91' lang='lat' dir='ltr'>nota</span> 
     </span>
     <span class='ocr_line' id='line_1_37' title="bbox 174 3286 875 3366; baseline 0.004 -22"><span class='ocrx_word' id='word_1_242' title='bbox 174 3286 236 3364; x_wconf 89' lang='lat' dir='ltr'>ipse</span> <span class='ocrx_word' id='word_1_243' title='bbox 250 3287 371 3345; x_wconf 90' lang='lat' dir='ltr'>domum</span> <span class='ocrx_word' id='word_1_244' title='bbox 385 3307 446 3346; x_wconf 91' lang='lat' dir='ltr'>sera</span> <span class='ocrx_word' id='word_1_245' title='bbox 461 3287 592 3366; x_wconf 90' lang='lat' dir='ltr'>quamvis</span> <span class='ocrx_word' id='word_1_246' title='bbox 607 3308 637 3346; x_wconf 89' lang='lat' dir='ltr'>se</span> <span class='ocrx_word' id='word_1_247' title='bbox 651 3303 738 3346; x_wconf 90' lang='lat' dir='ltr'>nocte</span> <span class='ocrx_word' id='word_1_248' title='bbox 753 3288 875 3348; x_wconf 88' lang='lat' dir='ltr'>ferebat.</span> 
     </span>
    </p>
   </div>
   <div class='ocr_carea' id='block_1_3' title="bbox 155 3379 1016 3446">
    <p class='ocr_par' dir='ltr' id='par_1_4' title="bbox 155 3379 1016 3446">
     <span class='ocr_line' id='line_1_38' title="bbox 155 3379 1016 3446; baseline -0.01 -16"><span class='ocrx_word' id='word_1_249' title='bbox 155 3392 203 3444; x_wconf 78' lang='lat'>459</span> <span class='ocrx_word' id='word_1_250' title='bbox 220 3380 327 3442; x_wconf 80' lang='lat' dir='ltr'>perfudit.</span> <span class='ocrx_word' id='word_1_251' title='bbox 393 3380 442 3442; x_wconf 87' lang='lat'>464</span> <span class='ocrx_word' id='word_1_252' title='bbox 457 3397 528 3444; x_wconf 87' lang='lat' dir='ltr'>aquae</span> <span class='ocrx_word' id='word_1_253' title='bbox 544 3381 586 3431; x_wconf 81' lang='lat' dir='ltr'>vis.</span> <span class='ocrx_word' id='word_1_254' title='bbox 652 3379 699 3444; x_wconf 77' lang='lat'>485</span> <span class='ocrx_word' id='word_1_255' title='bbox 717 3381 832 3446; x_wconf 75' lang='lat' dir='ltr'>Tyrrhus.</span> <span class='ocrx_word' id='word_1_256' title='bbox 897 3381 945 3442; x_wconf 82' lang='lat'>486</span> <span class='ocrx_word' id='word_1_257' title='bbox 963 3383 1016 3429; x_wconf 67' lang='lat' dir='ltr'>late,</span> 
     </span>
    </p>
   </div>
   <div class='ocr_carea' id='block_1_4' title="bbox 0 0 1290 4114">
    <p class='ocr_par' dir='ltr' id='par_1_5' title="bbox 0 0 1290 4114">
     <span class='ocr_line' id='line_1_39' title="bbox 0 0 1290 4114; baseline 0 0"><span class='ocrx_word' id='word_1_258' title='bbox 0 0 1290 4114; x_wconf 95' lang='lat' dir='ltr'> </span> 
     </span>
    </p>
   </div>
  </div>
 </body>
</html>
