2558 4112
273 385 317 434 166
544 383 571 430 P.
589 381 733 430 VERGILI
750 381 908 430 MARONIS

311 528 373 572 tum
388 513 496 590 virgam
511 513 683 592 capit-hac
700 512 808 571 animas
821 513 874 572 ille
890 529 991 572 evocat
1006 514 1086 574 Orco

309 594 462 673 pallentes,
479 595 547 655 alias
562 595 615 654 sub
631 595 753 653 Tartara
769 594 859 652 tristia
874 594 965 653 mittit
974 620 984 667 ς

309 677 359 735 dat
373 697 486 734 somnos
502 675 670 754 adimitque,
687 691 716 734 et
729 675 842 734 lumina
855 691 948 734 morte
962 676 1129 752 resignat-

308 757 359 816 illa
373 757 463 816 fretus
479 757 536 833 agit
550 773 661 829 ventos,
677 772 707 814 et
722 756 836 815 turbida
851 771 946 815 tranat

308 838 418 898 nubila.
460 837 576 916 iamque
591 838 691 896 volans
706 838 819 915 apicem
836 854 865 897 et
880 838 970 896 latera
985 839 1073 898 ardua
1084 839 1172 898 cernit

306 920 434 979 Atlantis
450 918 524 990 duri,
541 919 655 978 caelum
670 919 719 997 qui
734 919 844 977 vertice
859 919 954 990 fulcit,

306 1000 444 1072 Atlantis,
460 999 590 1058 cinctum
606 999 724 1058 adsidue
739 1019 786 1058 cut
778 999 926 1058 nubibus
941 1000 1008 1058 atris

306 1047 465 1160 piniferuin
481 1095 569 1158 caput
585 1096 614 1139 et
627 1096 716 1139 vento
729 1080 860 1158 pulsatur
875 1096 904 1139 et
918 1080 1022 1151 imbri;

307 1163 360 1220 nix
374 1183 487 1221 umeros
506 1161 602 1220 infusa
617 1161 706 1238 tegit:
728 1177 790 1219 tum
804 1160 926 1220 flumina
941 1177 1041 1220 mento
1138 1191 1173 1229 ιφ

306 1243 500 1336 praecipitant
515 1242 599 1313 senis,
617 1258 645 1302 et
660 1241 752 1318 glacie
766 1243 840 1318 riget
854 1241 968 1301 horrida
982 1243 1079 1301 barba.

305 1324 354 1382 hic
368 1323 496 1402 primum
512 1323 627 1401 paribus
642 1323 739 1382 nitens
755 1322 909 1400 Cyllenius
925 1323 977 1381 alis

306 1404 437 1463 constitit
446 1429 456 1474 ;
477 1404 547 1462 hinc
564 1419 625 1462 toto
639 1424 777 1483 praeceps
792 1425 822 1462 se
837 1425 956 1482 corpore
971 1405 1008 1463 ad
1022 1404 1113 1463 undas

305 1485 394 1556 misit,
410 1485 454 1542 avi
470 1484 579 1554 similis,
596 1504 670 1562 quae
685 1485 795 1544 circum
810 1485 902 1558 litora,
919 1485 1029 1544 circum

305 1566 431 1644 piscosos
446 1565 587 1643 scopulos,
601 1564 719 1624 humilis
734 1566 813 1624 volat
828 1586 951 1645 aequora
965 1565 1055 1625 iuxta.

305 1648 383 1706 haud
398 1645 483 1706 aliter
499 1661 586 1704 terras
602 1645 678 1704 inter
692 1647 864 1726 caelumque
878 1647 994 1706 volabat

305 1728 373 1787 litus
387 1730 563 1798 harenosum
578 1728 614 1785 ad
629 1727 749 1804 Libyae,
764 1743 926 1806 ventosque
940 1726 1055 1786 secabat

306 1825 438 1868 materno
452 1808 575 1867 veniens
591 1808 627 1867 ab
642 1830 695 1867 avo
710 1809 847 1886 Cyllenia
862 1808 967 1887 proles.

306 1906 338 1948 ut
352 1890 479 1968 primum
495 1889 578 1948 alatis
594 1888 690 1966 tetigit
704 1890 826 1965 magalia
840 1889 956 1967 plantis,

305 1973 426 2030 Aenean
442 1971 618 2029 fundantem
634 1991 711 2029 arces
726 1991 759 2029 ac
774 1986 852 2029 tecta
867 1985 1023 2029 novantem
1139 1987 1175 2026 260

306 2050 467 2130 conspicit:
490 2067 577 2128 atque
592 2051 636 2109 illi
651 2051 781 2110 stellatus
795 2051 903 2128 iaspide
918 2050 997 2110 fulva

307 2132 382 2191 ensis
398 2147 466 2204 erat,
483 2131 635 2225 Tyrioque
651 2131 769 2190 ardebat
784 2132 894 2191 murice
910 2132 1003 2203 laena,

306 2212 428 2272 demissa
443 2233 478 2271 ex
494 2213 610 2286 umeris,
626 2213 705 2272 dives
721 2234 795 2292 quae
809 2233 930 2271 munera
944 2212 1024 2272 Dido

305 2294 414 2352 fecerat
429 2309 459 2352 et
475 2293 556 2353 tenui
573 2294 645 2353 telas
659 2294 835 2354 discreverat
849 2315 928 2352 auro.

305 2375 447 2433 continuo
461 2374 594 2435 invadit:
616 2379 665 2434 ‘tu
681 2395 761 2434 nunc
778 2373 963 2450 Carthaginis
978 2373 1054 2432 altae

306 2455 498 2515 fundamenta
514 2457 602 2528 locas,
617 2455 828 2535 pulchramque
843 2455 960 2514 uxorius
974 2455 1077 2512 urbem

306 2537 436 2609 exstruis,
451 2538 509 2595 heu
525 2537 606 2612 regni
622 2556 777 2615 rerumque
792 2536 883 2594 oblite
899 2539 1033 2595 tuarum?

304 2617 365 2695 ipse
380 2617 468 2676 deum
484 2616 537 2675 tibi
553 2637 601 2675 me
616 2618 694 2675 claro
709 2617 837 2676 demittit
852 2617 983 2694 Olympo

304 2713 447 2773 regnator,
464 2697 579 2756 caelum
595 2713 624 2756 et
640 2712 728 2756 terras
744 2698 792 2778 qui
808 2698 929 2757 numine
945 2712 1060 2775 torquet
1069 2721 1079 2767 3

304 2778 366 2856 ipse
380 2780 452 2837 haec
468 2779 544 2836 ferre
559 2778 641 2837 iubet
656 2779 766 2838 celeres
781 2779 915 2838 mandata
929 2798 983 2857 per
997 2797 1097 2835 auras:
1140 2803 1179 2844 270

304 2859 375 2936 quid
390 2859 492 2918 struis?
515 2874 563 2918 aut
579 2881 634 2938 qua
650 2881 700 2938 spe
714 2860 831 2937 Libycis
847 2859 914 2919 teris
929 2858 989 2918 otia
1003 2857 1105 2918 terris?

304 2940 327 2998 si
342 2956 371 2998 te
386 2940 468 2999 nulla
485 2956 582 3000 movet
597 2957 742 3001 tantarum
756 2941 846 3018 gloria
860 2960 966 3012 rerum,

305 3041 360 3078 nec
375 3041 460 3099 super
475 3022 536 3100 ipse
552 3038 600 3081 tua
615 3022 725 3080 moliris
740 3022 832 3080 laude
840 3021 977 3092 laborem,

303 3101 462 3160 Ascanium
482 3120 648 3180 surgentem
664 3119 693 3162 et
707 3123 769 3182 spes
784 3101 897 3160 heredis
913 3100 971 3159 Iuli

305 3181 426 3259 respice,
443 3183 489 3240 cui
506 3204 628 3260 regnum
643 3184 745 3243 Italiae
760 3184 952 3262 Romanaque
967 3182 1054 3240 tellus

305 3263 470 3331 debentur!
513 3265 564 3322 tali
580 3265 733 3343 Cyllenius
748 3285 798 3322 ore
813 3264 927 3323 locutus

305 3343 482 3403 mortales'
456 3365 531 3403 tusus
546 3346 643 3404 medio
659 3366 792 3405 sermone
807 3344 935 3422 reliquit,

381 3449 428 3501 257
446 3437 586 3485 harenosum
598 3438 691 3500 Libyae.
724 3451 771 3500 273
790 3441 886 3486 omittunt
896 3437 956 3486 codd.
964 3437 1066 3503 plerique.
