2562 4114
265 375 311 424 312
536 361 563 410 Ρ.
580 359 723 408 VERGILI
740 359 897 408 MARONIS
968 412 970 416 ,

305 490 462 550 Euandro:
483 489 597 568 qualem
613 490 728 560 meruit,
744 490 872 550 Pallanta
885 488 1010 549 remitto.

303 571 431 650 quisquis
442 573 533 634 honos
548 571 664 641 tumuli,
674 570 815 650 quidquid
826 570 952 629 solamen
967 571 1109 629 humandi
1120 587 1171 640 est,

304 651 417 728 largior.
458 652 536 711 haud
549 651 593 710 illi
608 652 723 711 stabunt
736 652 848 710 Aeneia
861 671 949 729 parvo

303 731 444 811 hospitia!
487 748 516 792 et
530 733 610 791 laevo
624 733 725 810 pressit
739 733 821 810 pede,
836 731 903 791 talia
917 732 999 802 fatus,

303 813 478 884 exanimem,
492 812 604 891 rapiens
619 813 748 872 inmania
762 812 888 890 pondera
901 811 996 883 baltei,

305 895 522 973 inpressumque
537 894 615 952 nefas
630 915 637 952 ε
660 914 717 953 una
731 894 783 952 sub
799 910 884 952 nocte
899 893 986 970 iugali

304 996 383 1034 caesa
397 994 497 1033 manus
512 974 651 1034 iuvenum
666 974 759 1045 foede,
775 974 950 1053 thalamique
964 973 1091 1044 cruenti,

304 1076 376 1136 quae
392 1056 503 1115 Clonus
518 1054 669 1132 Eurytides
684 1055 777 1114 multo
791 1055 948 1114 caelaverat
961 1074 1051 1113 auro:

304 1158 363 1216 quo
377 1155 457 1195 nunc
473 1136 592 1195 Turnus
607 1151 672 1195 ovat
687 1135 779 1214 spolio
792 1135 952 1215 gaudetque
966 1135 1083 1213 potitus.
1138 1165 1176 1203 500

305 1217 401 1276 nescia
415 1237 495 1276 mens
510 1217 663 1276 hominum
679 1216 729 1276 fati
744 1211 881 1296 sortisque
897 1217 1017 1287 futurae,

305 1313 334 1356 et
348 1317 456 1356 servare
472 1298 599 1368 modurn,
616 1298 700 1357 rebus
715 1297 825 1356 sublata
837 1296 988 1356 secundis!

305 1378 409 1436 Turno
423 1393 537 1455 tempus
552 1379 615 1450 erit,
631 1398 734 1455 magno
749 1398 818 1436 cum
832 1377 971 1456 optaverit
986 1392 1119 1455 emptum

304 1458 446 1517 intactum
463 1459 601 1529 Pallanta,
616 1475 727 1518 etcum
743 1459 832 1537 spolia
846 1459 898 1518 ista
914 1458 1049 1536 diemque

304 1538 406 1598 oderit.
448 1553 476 1596 at
490 1539 558 1597 socii
573 1540 666 1598 multo
681 1539 791 1616 gemitu
806 1539 986 1618 lacrimisque

305 1618 461 1697 inpositurn
475 1635 556 1677 scuto
570 1619 699 1678 referunt
715 1621 844 1681 Pallanta
859 1620 1031 1700 frequentes.

304 1721 323 1758 ο
336 1700 417 1758 dolor
430 1714 515 1778 atque
529 1700 617 1759 decus
632 1721 770 1778 magnum
785 1701 908 1760 rediture
922 1701 1055 1779 parenti!

305 1782 375 1839 haec
391 1794 420 1838 te
434 1779 526 1858 prima
539 1781 598 1840 dies
613 1782 690 1840 bello
705 1781 795 1853 dedit,
809 1783 879 1841 haec
894 1783 992 1841 eadem
1007 1783 1114 1852 aufert,

305 1881 374 1921 cunr
389 1875 485 1920 tamen
500 1863 630 1937 ingentes
645 1862 823 1922 Rutulorum
838 1862 945 1940 linquis
959 1863 1094 1921 acervos!

347 1962 401 2002 uec
416 1942 473 2001 iam
489 1943 564 2002 fama
578 1943 645 2001 mali
662 1943 809 2014 tanti-sed
823 1943 927 2002 certior
940 1957 1040 2002 auctor
1138 1973 1177 2010 510

306 2022 418 2082 advolat
431 2023 558 2094 Aeneae,
574 2024 654 2083 tenui
669 2023 834 2083 discrimine
849 2024 899 2082 leti

306 2123 364 2163 esse
379 2123 465 2174 suos3
486 2118 609 2182 tempus,
624 2105 709 2162 versis
724 2125 890 2165 succurrere
905 2103 1039 2165 Teucris.

306 2183 435 2262 proxima
449 2204 579 2264 quaeque
594 2185 678 2244 metit
691 2186 795 2260 gladio,
810 2187 956 2264 latumque
971 2206 1023 2264 per
1036 2205 1140 2260 agmen

306 2263 406 2323 ardens
421 2264 545 2324 limitem
560 2266 618 2342 agit
632 2267 716 2337 ferro,
732 2283 769 2338 te,
785 2267 898 2339 Turne,
913 2267 1067 2344 superbum

306 2345 394 2404 caede
409 2366 483 2404 nova
495 2367 643 2425 quaerens.
687 2348 787 2417 Pallas,
803 2348 946 2418 Euander,
962 2348 993 2406 in
1008 2347 1074 2425 ipsis

306 2426 403 2485 omnia
417 2442 485 2486 sunt
499 2427 598 2499 oculis,
614 2448 737 2498 mensae,
753 2449 822 2506 quas
836 2429 945 2488 advena
958 2428 1062 2508 primas

307 2523 377 2566 tunc
392 2507 472 2578 adiit,
486 2507 661 2587 dextraeque
676 2508 765 2568 datae.
809 2510 946 2568 Sulmone
961 2526 1069 2568 creatos

306 2603 441 2666 quattuor
453 2587 501 2646 hic
516 2588 644 2660 iuvenes,
661 2589 791 2660 totidem,
805 2610 877 2668 quos
891 2589 994 2650 educat
1010 2591 1118 2662 Ufens,

306 2669 435 2728 viventes
449 2669 532 2748 rapit,
547 2670 661 2728 inferias
677 2691 747 2748 quos
762 2670 884 2729 inmolet
898 2671 1015 2739 umbris,

306 2749 477 2828 captivoque
491 2750 552 2826 rogi
567 2751 722 2827 perfundat
736 2751 871 2827 sanguine
882 2750 1023 2810 flammas.
1139 2783 1178 2820 φο

306 2829 375 2889 inde
391 2831 482 2906 Mago
496 2833 596 2908 procul
612 2831 753 2890 infensam
769 2832 956 2891 contenderat
971 2833 1091 2891 hastam.

307 2910 357 2968 ille
372 2926 432 2971 astu
447 2911 523 2970 subit
536 2936 545 2981 3
566 2927 594 2970 at
608 2912 789 2971 tremibunda
803 2914 963 2991 supervolat
977 2915 1056 2972 hasta
1069 2938 1078 2982 3

306 3005 335 3048 et
349 3010 442 3066 genua
457 2991 633 3070 amplectens
648 2993 750 3053 effatur
765 2993 831 3052 talia
846 2995 965 3074 supplex
980 3017 987 3053 :

288 3077 357 3148 ‘per
371 3071 476 3147 patrios
492 3075 596 3132 Manes
610 3089 640 3133 et
654 3095 716 3152 spes
731 3075 871 3151 surgentis
886 3075 943 3134 Iuli

306 3165 335 3209 te
350 3171 461 3228 precor,
474 3155 548 3214 hanc
564 3155 689 3214 animam
704 3175 795 3214 serves
810 3171 935 3234 natoque
948 3155 1090 3234 patrique.

306 3246 348 3289 est
361 3230 464 3290 domus
478 3234 534 3292 alta
546 3259 555 3305 ;
576 3235 673 3295 iacent
687 3236 802 3314 penitus
816 3235 925 3296 defossa
939 3237 1047 3295 talenta

307 3311 407 3372 caelati
422 3314 532 3390 argenti
544 3338 554 3382 3
576 3331 641 3374 sunt
655 3316 716 3376 auri
729 3317 855 3394 pondera
869 3317 938 3376 facti

511 3419 555 3470 5²¹
575 3408 692 3459 infestam.
759 3421 804 3472 522
821 3425 859 3459 en.
893 3425 926 3458 ac.
