2558 4112
415 330 583 382 Aruernos
600 311 663 382 ma.
680 331 719 381 111
979 348 1024 397 ¹43

152 462 231 522 haud
246 460 407 520 dubitanda
421 461 515 521 refer:
537 462 702 540 Corythum
717 478 861 543 terrasque
876 465 1004 544 requirat

151 541 305 602 Ausonias.
347 541 469 601 Dictaea
485 557 570 618 negat
586 541 639 601 tibi
655 543 788 622 Iuppiter
802 545 887 605 arva!
991 577 1026 615 171

153 624 259 684 talibus
274 622 414 682 attonitus
428 623 494 682 visis
510 639 539 681 et
553 643 623 682 voee
638 623 802 682 deorum—

153 726 207 764 nec
223 724 308 782 sopor
321 703 396 762 illud
411 720 481 776 erat,
497 703 547 762 sed
562 724 658 763 coram
673 705 846 780 adgnoscere
861 708 958 767 vultus

152 787 321 863 velatasque
336 803 431 844 comas
445 784 666 864 praesentiaque
681 804 730 844 ora
744 786 886 856 videbar;

154 882 216 925 tum
220 864 344 959 ¹gelidus
359 880 421 924 toto
436 865 572 924 manabat
587 886 708 944 corpore
722 867 850 926 sudor-

153 946 280 1025 corripio
295 967 312 1004 e
326 946 420 1005 stratis
435 966 537 1024 corpus
553 947 699 1026 tendoque
714 947 827 1025 supinas

153 1027 190 1088 ad
204 1028 319 1086 caelum
333 1046 401 1085 cum
415 1046 487 1086 voce
503 1047 603 1086 manus
618 1043 647 1086 et
662 1048 782 1087 munera
797 1029 858 1087 libo

153 1107 324 1166 intemerata
338 1107 421 1167 focis.
462 1107 593 1185 perfecto
608 1109 700 1167 laetus
714 1110 825 1168 honore

153 1187 304 1247 Anchisen
319 1187 395 1246 facio
410 1203 523 1247 certum
537 1209 656 1268 remque
670 1189 772 1248 ordine
786 1189 893 1268 pando.

154 1268 292 1346 adgnovit
305 1269 420 1347 prolem
434 1269 599 1344 ambiguam
612 1269 799 1348 geminosque
813 1286 946 1348 parentes
990 1289 1027 1329 rso

155 1370 242 1429 seque
257 1370 333 1408 novo
348 1365 479 1409 veterum
494 1348 651 1428 deceptum
666 1371 761 1408 errore
776 1351 917 1410 locorum.

155 1447 218 1490 tum
232 1446 390 1489 memorat:
412 1435 506 1502 ‘nate‚
522 1430 619 1489 Iliacis
635 1431 761 1490 exercite
776 1431 850 1504 fatis,

155 1512 214 1570 sola
229 1511 301 1570 mibi
317 1511 387 1590 tales
402 1531 482 1570 casus
498 1512 658 1571 Cassandra
673 1512 806 1571 canebat.

155 1612 234 1651 nunc
249 1608 349 1670 repeto
363 1592 436 1651 haec
450 1591 548 1668 generi
562 1591 736 1670 portendere
751 1592 849 1651 debita
863 1608 969 1665 nostro,

156 1689 185 1731 et
199 1693 283 1751 saepe
299 1673 482 1750 Hesperiam,
497 1693 582 1751 saepe
597 1673 672 1732 Itala
686 1693 773 1750 regna
786 1693 899 1733 vocare.

155 1754 203 1813 sed
219 1753 283 1833 quis
297 1754 334 1813 ad
349 1753 511 1832 Hesperiae
526 1768 662 1812 venturos
678 1753 763 1812 litora
779 1753 911 1812 Teucros

155 1834 310 1894 crederet?
331 1849 380 1893 aut
394 1855 483 1914 quem
499 1851 560 1893 tum
575 1849 655 1892 vates
670 1833 832 1893 Cassandra
846 1839 997 1892 moveret?
1091 1887 1094 1894 .

156 1917 291 1974 cedamus
307 1915 425 1975 Phoebo
440 1931 468 1974 et
484 1914 587 1973 moniti
603 1914 724 1974 meliora
738 1915 911 1993 sequamur!

156 1996 195 2056 sic
209 1996 259 2070 ait,
274 2011 304 2055 et
318 1996 418 2056 cuncti
432 1996 512 2054 dicto
525 2014 658 2074 paremus
673 2011 800 2055 ovantes.

156 2078 231 2137 hanc
246 2097 362 2156 quoque
376 2076 532 2136 deserimus
547 2076 655 2150 sedem,
671 2077 826 2170 paucisque
841 2075 949 2136 relictis
990 2105 1028 2145 ιφ

156 2159 220 2218 vela
236 2157 336 2218 damus
350 2173 520 2238 vastumque
536 2178 605 2217 cava
620 2158 700 2216 trabe
715 2157 854 2218 currimus
869 2177 986 2236 aequor.

195 2254 348 2318 postquam
359 2240 451 2297 altum
461 2254 581 2297 tenuere
592 2253 667 2296 rates
679 2258 733 2297 nec
745 2238 803 2297 iam
815 2238 939 2318 amplius
951 2237 1026 2296 ullae

158 2335 297 2398 apparent
313 2335 412 2392 terrae,
429 2320 540 2379 caelum
555 2319 684 2396 undique
699 2333 729 2377 et
743 2319 873 2397 undique
887 2335 1002 2396 pontus,

158 2416 219 2459 tum
233 2399 305 2458 mihi
321 2401 469 2460 caeruleus
485 2421 567 2479 supra
582 2415 670 2492 caput
685 2399 793 2458 adstitit
808 2399 900 2458 imber

158 2498 274 2540 noctem
288 2481 473 2559 hiememque
485 2482 589 2553 ferens,
602 2497 631 2539 et
641 2479 785 2539 inhorruit
796 2479 874 2537 unda
889 2478 1026 2538 tenebris.

157 2562 296 2622 continuo
310 2562 391 2621 venti
406 2564 529 2621 volvunt
544 2581 620 2620 mare
636 2581 795 2654 magnaque
810 2575 930 2636 surgunt

157 2663 299 2735 aequora3
321 2643 462 2720 dispersi
454 2659 594 2701 iactamur
608 2642 718 2718 gurgite
732 2657 830 2712 vasto;

156 2721 304 2782 involvere
318 2723 396 2782 diem
411 2723 513 2796 nimbi,
529 2740 558 2782 et
573 2744 631 2782 nox
646 2723 744 2782 umida
758 2723 871 2782 caelum

156 2804 294 2875 abstulit;
315 2804 497 2881 ingeminant
512 2804 639 2884 abruptis
654 2803 802 2862 nubibus'
794 2823 883 2878 ignes.

156 2885 320 2944 excutimur
335 2906 418 2944 cursu
435 2899 463 2943 et
479 2885 571 2944 caecis
587 2904 712 2942 erramus
727 2883 757 2941 in
773 2881 868 2942 undis.
989 2913 1028 2941 200

156 2964 215 3042 ipse
230 2966 311 3025 diem
325 2981 499 3043 noctemque
514 2981 599 3042 negat
613 2965 775 3024 discernere
790 2965 872 3022 caelo

155 3066 209 3106 nee
225 3047 391 3106 meminisse
406 3047 469 3105 viae
484 3046 579 3104 media
595 3045 746 3103 Palinurus
760 3043 792 3102 in
807 3044 894 3104 unda.

156 3142 211 3185 tres
227 3128 299 3186 adeo
313 3127 439 3186 incertos
454 3147 539 3186 caeca
553 3125 675 3201 caligine
690 3125 763 3183 soles

155 3227 280 3267 erramus
294 3208 407 3286 pelago,
423 3206 581 3266 totidem
560 3226 622 3264 sine
637 3206 729 3265 sidere
744 3222 852 3266 noctes.

155 3303 258 3366 quarto
273 3303 347 3347 terra
361 3288 407 3348 die
421 3288 548 3367 primum
562 3307 593 3346 se
606 3287 741 3346 attollere
756 3288 874 3347 tandem

154 3368 224 3442 visa,
240 3368 350 3448 aperire
363 3370 466 3448 procul
481 3385 592 3428 montes
607 3370 770 3428 revolvere
785 3369 908 3427 fumum.
