2568 4114
259 363 307 416 260
536 365 564 413 P.
581 363 724 412 VERGlLl
741 363 898 414 MARONIS

299 512 328 556 at
342 515 443 573 specus
458 510 488 554 et
503 493 575 553 Caci
590 495 704 555 detecta
718 494 850 574 apparuit
864 495 966 572 ingens

298 577 385 653 regia,
401 591 430 636 et
445 575 595 636 umbrosae
608 575 726 655 penitus
739 591 859 670 patuere
874 597 1032 636 cavernae:

299 677 359 718 non
374 678 455 716 secus
470 677 503 716 ac
518 657 540 716 si
555 678 611 736 qua
625 657 742 736 penitus
756 657 784 716 vi
800 671 875 715 terra
888 657 1039 716 dehiscens

298 737 427 799 infernas
441 752 548 797 reseret
562 739 642 799 sedes
657 753 687 797 et
700 758 787 816 regna
800 738 932 797 recludat

298 819 415 900 pallida,
430 819 495 878 dis
487 819 589 892 invisa,
604 839 748 912 superque
762 819 880 879 inmane
894 820 1061 880 barathrum

299 915 445 971 cernatur,
460 899 629 978 trepident'
622 899 740 959 inmisso
755 899 867 959 lumine
883 901 997 959 Manes

300 1001 367 1058 ergo
380 981 525 1060 insperata
539 981 715 1059 deprensum
729 981 796 1040 luce
811 995 931 1058 repente

299 1062 503 1140 inclusumque
518 1081 590 1120 cavo
604 1083 672 1121 saxo
686 1077 773 1140 atque
787 1061 901 1121 insueta
914 1061 1070 1121 rudentem

298 1144 421 1220 desuper
434 1143 552 1201 Alcides
569 1143 633 1202 telis
647 1143 764 1235 premit,
782 1142 937 1236 omniaque
952 1161 1030 1202 arma

299 1223 429 1296 advocat,
446 1239 475 1283 et
488 1223 574 1282 ramis
588 1223 731 1302 vastisque
745 1222 924 1282 molaribus
916 1237 1014 1283 instat.
1129 1251 1171 1290 250

298 1304 350 1363 ille
365 1319 471 1377 autem,
487 1325 584 1384 neque
600 1304 679 1364 enim
693 1304 782 1380 fuga
773 1324 832 1364 ram
846 1325 932 1382 super
945 1304 1004 1363 ulla
1017 1303 1132 1381 pericli,

298 1384 452 1444 faucibus'
443 1401 595 1460 mgentem
610 1384 897 1446 fumum-mirabile
911 1383 1034 1445 dictu-

298 1465 406 1525 evomit
419 1465 601 1558 involvitque
615 1466 735 1525 domum
751 1465 875 1542 caligine
889 1485 985 1537 caeca,

297 1561 481 1625 prospectum
496 1545 620 1624 eripiens
635 1547 736 1619 oculis,
751 1547 948 1625 glomeratque
962 1545 1014 1606 sub
1028 1561 1113 1604 antro

297 1627 463 1686 fumiferam
479 1643 597 1685 noctem
612 1627 776 1719 commixtis
790 1626 858 1703 igne
873 1626 1009 1687 tenebris.

297 1727 357 1766 non
373 1707 441 1768 tulit
453 1707 572 1766 Alcides
588 1706 702 1780 animis,
717 1727 803 1786 seque
818 1707 878 1786 ipse
892 1728 944 1786 per
956 1707 1056 1784 ignem

295 1787 450 1867 praecipiti
463 1787 535 1847 iecit
548 1790 633 1862 saltu,
649 1809 706 1882 qua
720 1788 861 1868 plurimus
877 1787 984 1847 undam

297 1869 393 1928 fumus
408 1868 465 1945 agit
480 1868 669 1948 nebulaque
660 1889 763 1946 ingens
778 1890 877 1949 specus
891 1883 1003 1929 aestuat
1017 1883 1087 1929 atra.

296 1949 345 2009 hic
361 1950 497 2008 Cacum'
489 1971 521 2008 ιιι
536 1949 663 2011 tenebris
678 1949 815 2010 incendia
828 1970 901 2009 vana
915 1965 1083 2009 vomentem

296 2029 415 2109 corripit
429 2029 460 2088 in
476 2031 586 2089 nodum
601 2031 778 2110 complexus,
794 2045 824 2090 et
837 2029 918 2106 angit
932 2029 1086 2090 inhaerens
1128 2048 1187 2089 2⁶0·
1276 2032 1277 2051 ¹

298 2110 381 2170 elisos
396 2111 496 2169 oculos
511 2126 541 2170 et
556 2111 665 2182 siccum
681 2111 818 2187 sanguine
829 2126 940 2187 guttur.

295 2191 433 2270 panditur
446 2191 595 2270 extemplo
609 2192 719 2251 foribus
733 2192 832 2251 domus
847 2207 908 2250 atra
921 2191 1048 2265 revulsis,

296 2272 514 2351 abstractaeque
530 2273 616 2332 boves
632 2272 833 2351 abiurataeque
847 2271 964 2351 rapinae

296 2351 378 2412 caelo
391 2353 592 2426 ostenduntur,
608 2353 789 2432 pedibusque
802 2352 926 2413 informe
940 2353 1063 2413 cadaver

295 2433 482 2512 protrahitur.
525 2450 676 2514 nequeunt
691 2433 799 2512 expleri
814 2434 899 2492 corda
912 2434 1022 2493 tuendo

296 2514 437 2573 terribiles
452 2515 561 2587 oculos,
576 2516 701 2588 vultum,
717 2513 876 2592 villosaque
890 2513 975 2576 saetis

295 2611 414 2672 pectora
429 2596 568 2670 semiferi,
585 2612 674 2675 atque
689 2595 846 2655 exstinctos
861 2595 993 2654 faucibus
1007 2594 1100 2672 ignes.

297 2695 332 2734 ex
347 2675 401 2734 illo
416 2677 580 2736 celebratus
595 2679 698 2749 honos,
714 2673 840 2755 laetique
854 2674 981 2734 minores

296 2777 444 2816 servavere
459 2757 547 2830 diem,
563 2757 731 2836 primusque
747 2755 869 2816 Potitius
884 2771 985 2816 auctor

296 2852 325 2896 et
339 2839 442 2898 domus
460 2838 603 2898 Herculei
620 2854 714 2898 custos
730 2836 846 2897 Pinaria
861 2836 941 2898 sacri.
1129 2867 1167 2906 ηο

294 2919 370 2977 hanc
386 2939 465 2979 aram
480 2919 548 2979 luco
564 2918 673 2993 statuit,
689 2937 762 3000 quae
778 2917 911 2978 Maxima
928 2937 1043 2996 semper

295 2998 409 3059 dicetur
425 3000 518 3074 nobis,
534 3016 564 3060 et
579 3000 633 3061 erit
648 3019 721 3080 qnae
735 2998 860 3059 maxima
875 3018 998 3076 semper.

296 3100 382 3157 quare
398 3081 484 3157 agite,
500 3103 518 3141 o
532 3081 661 3155 iuvenes,
678 3095 822 3140 tantarum
836 3078 867 3137 in
882 3098 1004 3139 munere
1019 3079 1141 3138 laudum

295 3159 405 3237 cingite
420 3162 525 3221 fronde
540 3182 635 3223 comas
645 3176 680 3221 et
693 3160 799 3240 pocula
811 3158 924 3238 porgite
939 3158 1058 3232 dextris,

297 3237 543 3334 communemque
557 3247 658 3303 vocate
673 3242 771 3312 deum,
787 3255 816 3298 ct
830 3239 940 3299 date
913 3261 981 3300 vrna
994 3239 1152 3301 volentes!

296 3321 431 3382 dixerat:
454 3323 604 3384 Herculea
617 3323 730 3382 bicolor
744 3340 811 3380 cum
825 3321 951 3400 populus
966 3321 1070 3381 umbra

344 3433 391 3483 247
409 3422 545 3486 deprensum
556 3420 590 3472 in.
656 3433 701 3484 251
721 3419 799 3485 pmicli
810 3429 852 3470 eat.
920 3433 967 3484 257
985 3419 1073 3470 iniecit.
