2562 4114
441 381 611 430 ιιιιιιιιιοι
628 383 691 432 ιιι.
710 384 747 430 xr
1001 395 1047 448 345

185 510 311 581 nuntiet,
326 531 358 569 ac
373 511 452 570 lucos
466 525 550 569 vocet
564 510 657 570 hostia
671 511 785 588 pinguis
801 511 831 568 in
847 512 939 574 altos.'
1011 543 1050 582 740

184 595 255 650 haec
272 592 372 650 effatus
387 611 494 669 equum
509 590 540 649 in
556 592 664 649 medios
680 592 835 650 moriturus
850 607 879 651 et
893 593 970 670 ipse¹

184 671 320 743 concitat,
337 687 366 730 et
381 672 498 730 Venulo
513 672 664 730 adversum
679 692 707 730 se
723 672 854 731 turbidus
868 673 968 745 infert,

184 753 395 844 dereptumque
409 752 445 811 ab
460 773 535 830 equo
550 753 651 811 dextra
665 752 871 846 complectitur
884 756 1005 829 hostem,

185 849 214 893 et
228 833 371 909 gremium
386 848 453 892 ante
467 853 551 892 suum
566 833 699 892 multa'
673 855 701 890 vr
717 833 850 892 concitus
864 835 968 895 aufert.

184 913 320 972 tollitur
312 934 342 972 tn
358 915 470 973 caelum
486 914 603 985 clamor,
617 914 775 993 cunctique
790 914 887 973 Latini

185 1010 350 1053 convertere
365 995 474 1054 oculos.
517 995 617 1053 volat
610 1015 709 1071 igneus
724 1015 846 1073 aequore
862 996 1012 1068 Tarchon,

184 1095 261 1133 arma
301 1075 453 1153 virumque
493 1075 587 1133 ferens
600 1099 609 1145 ;
638 1091 700 1134 tum
736 1095 847 1134 summa
884 1075 972 1155 ipsius
1013 1077 1047 1136 ab

264 1157 343 1213 hasta

183 1235 321 1311 defringit
336 1236 454 1308 ferrum,
470 1251 499 1295 et
513 1252 607 1314 partes
622 1236 743 1296 rimatur
758 1252 876 1314 apertas,

183 1337 240 1395 qua
255 1317 359 1374 vulnus
375 1317 461 1374 letale
476 1318 571 1384 ferat
563 1339 570 1354 ·
592 1334 694 1377 contra
709 1317 759 1376 ille
774 1338 935 1395 repugnans

183 1396 306 1456 sustinet
320 1418 335 1455 a
351 1396 449 1471 iugulo
464 1397 603 1470 dextram,
620 1414 649 1456 et
663 1397 722 1456 vim
737 1397 845 1456 viribus
860 1399 930 1457 exit.
1010 1427 1048 1466 750

182 1492 273 1555 utque
288 1478 388 1536 volans
404 1478 461 1536 alte
476 1495 590 1556 raptum
604 1499 672 1537 cum
688 1479 768 1537 fulva
783 1479 936 1537 draconem

181 1557 238 1617 fert
249 1554 355 1636 aquila,
368 1558 562 1636 inplicuitque
573 1559 668 1637 pedes,
682 1575 767 1636 atque
780 1559 925 1635 unguibus
936 1558 1046 1630 haesit;

182 1637 303 1697 saucius
309 1653 337 1696 at
351 1659 467 1716 serpens
482 1639 596 1697 sinuosa
610 1639 761 1698 volumina
775 1655 876 1710 versat,

180 1719 353 1812 arrectisque
367 1720 464 1778 horret
479 1720 613 1798 squamis,
629 1735 657 1778 et
673 1719 769 1778 sibilat
783 1740 841 1792 ore,

180 1800 308 1858 arduus
300 1819 449 1874 insurgens
462 1824 472 1869 3
492 1800 542 1858 illa
557 1799 634 1858 haud
648 1799 745 1858 minus
761 1815 865 1873 urguet
879 1800 996 1859 obunco

181 1881 343 1938 luctantem
357 1895 447 1937 rostro
460 1904 469 1948 ;
491 1879 577 1937 simul
593 1881 708 1937 aethera
722 1881 854 1937 verberat
869 1879 919 1936 alis
933 1902 941 1938 ε

180 1961 259 2019 haud
274 1959 357 2017 aliter
371 1958 506 2037 praedam
521 1959 682 2017 Tiburtum
698 1979 734 2017 ex
750 1959 862 2034 agmine
877 1959 1016 2018 Tarchon

180 2055 274 2118 portat
288 2059 402 2098 ovans*
427 2038 508 2097 ducis
524 2040 691 2116 exemplum
707 2054 903 2118 eventumque
918 2039 1008 2098 secuti

182 2120 357 2178 Maeonidae
372 2119 535 2178 incurrunt.
578 2135 640 2178 tum
656 2119 721 2178 fatis
736 2119 851 2178 debitus
866 2121 977 2179 Arruns

180 2200 311 2259 velocem
326 2200 421 2259 iaculo
437 2215 466 2258 et
480 2199 573 2258 multa
587 2199 664 2278 prior
678 2215 738 2258 arte
754 2200 910 2260 Camillam
1009 2218 1046 2269 760

181 2281 296 2352 circuit,
312 2295 351 2352 et,
366 2300 438 2359 quae
453 2279 490 2339 sit
505 2281 621 2339 fortuna
637 2280 788 2352 facillima,
803 2297 935 2360 temptat.

180 2383 237 2440 qua
252 2382 281 2420 se
296 2381 420 2440 eumque
436 2361 534 2420 furens
549 2361 646 2420 medio
662 2361 730 2421 tulit
748 2361 861 2438 agmine
875 2362 962 2439 virgo,

181 2445 235 2501 hac
249 2443 358 2500 Arruns
373 2442 460 2514 subit,
475 2457 504 2500 et
520 2442 623 2500 tacitus
639 2442 756 2518 vestigia
772 2442 871 2501 lustrat
884 2467 893 2512 ;

181 2543 237 2601 qua
250 2523 355 2582 victrix
370 2522 444 2580 redit
458 2522 508 2581 illa
523 2523 686 2601 pedemque
701 2543 736 2581 ex
751 2524 833 2581 hoste
847 2538 981 2599 reportat,

180 2605 233 2663 hac
248 2603 360 2662 iuvenis
375 2603 476 2662 furtim
491 2604 597 2662 celeres
613 2603 767 2682 detorquet
782 2603 917 2661 habenas.

180 2686 231 2742 hos
246 2685 351 2756 aditus,
365 2684 480 2763 iamque
495 2687 545 2742 hos
561 2683 665 2756 aditus,
681 2703 856 2761 omnemque
871 2699 993 2760 pererrat

182 2765 309 2844 undique
319 2764 484 2834 circuitum,
501 2779 529 2822 et
544 2779 652 2822 certam
663 2764 756 2843 quatit
770 2763 908 2842 inprobus
923 2765 1043 2824 hastam.

181 2845 256 2903 forte
271 2866 347 2904 sacer
363 2846 491 2922 Cybelae
507 2844 649 2904 Chloreus
665 2845 793 2922 olimque
811 2845 940 2903 sacerdos

128 2941 130 2946 '
180 2924 299 3000 insignis
314 2927 401 3002 longe
418 2924 544 3002 Phrygiis
560 2925 712 3002 fulgebat
705 2946 735 2983 tn
750 2924 843 2997 armis,

180 3021 423 3084 spumantemque
438 3006 562 3098 agitabat
577 3026 693 3084 equum,
709 3026 796 3084 quem
810 3005 895 3084 pellis
910 3005 988 3064 ae'nis
1006 3035 1045 3074 770

180 3086 211 3145 in
226 3087 356 3165 plumam
371 3087 496 3166 squamis
511 3109 579 3146 auro
593 3102 724 3146 conserta
740 3087 863 3163 tegebat.

180 3167 250 3245 ipse,
266 3167 414 3245 peregrina
428 3169 573 3244 ferrugine
589 3168 681 3226 clarus
696 3183 724 3225 et
739 3182 825 3239 ostro,

181 3247 290 3326 spicula
306 3249 458 3327 torquebat
473 3249 570 3326 Lycio
579 3247 724 3325 Gortynia
737 3267 850 3316 cornu3

181 3349 282 3388 aureus
297 3349 331 3387 ex
347 3329 451 3386 umeris
466 3343 525 3387 erat
539 3348 621 3386 arcus
635 3343 665 3387 et
680 3349 764 3387 aurea
776 3328 835 3388 vati

511 3421 557 3484 7⁶8
576 3421 671 3486 Cybelo.
