2562 4114
256 373 304 424 ²72
528 357 557 408 P.
574 357 716 408 VERGILI
734 357 892 408 MARONIS

297 511 393 563 aurea,
407 491 457 548 sed
472 487 564 549 fluctu
580 489 753 567 spumabant
766 488 882 548 caerula
896 509 992 561 cano;

297 588 327 632 et
341 571 451 631 circum
467 584 587 646 argento
602 571 671 629 clari
685 569 838 648 delphines
853 569 884 628 in
898 571 999 629 orbem

297 673 420 732 aequora
434 653 588 711 verrebant
602 651 701 711 caudis
716 666 885 729 aestumque
900 652 1047 712 secabant.

295 735 327 794 in
343 733 442 791 medio
455 733 557 792 classes
572 747 690 806 seratas,
704 731 790 792 Actia
804 732 891 804 bella,

296 835 415 876 cernere
430 827 500 887 erat,
516 828 668 892 totumque
683 813 826 872 instructo
843 813 940 872 Marte
954 814 1066 873 videres

296 897 407 955 fervere
422 895 572 954 Leucaten
588 913 714 972 auroque
730 893 868 970 effulgere
882 893 998 954 fluctus.

294 977 367 1036 binc
380 977 527 1052 Augustus
541 995 627 1052 agens
641 975 731 1034 Italos
745 975 777 1034 in
791 973 903 1054 proelia
917 975 1024 1034 Caesar

296 1078 364 1117 cum
378 1056 508 1134 patribus
521 1058 691 1134 populoque
708 1055 865 1114 Penatibus
880 1069 910 1114 et
923 1056 1036 1132 magnis
1049 1056 1104 1129 dis,

296 1155 373 1198 stans
388 1138 464 1197 celsa
478 1137 510 1195 in
524 1137 616 1215 puppi
630 1162 639 1208 ;
660 1136 789 1212 geminas
803 1136 851 1195 cui
867 1151 998 1214 tempora
1012 1135 1139 1196 flammas

296 1220 373 1278 laeta
386 1233 519 1289 vomunt,
531 1218 717 1296 patriumque
732 1216 860 1295 aperitur
872 1217 982 1276 vertice
996 1216 1084 1277 sidus.
1126 1234 1158 1276 su

294 1315 376 1378 parte
391 1299 447 1358 alia
462 1299 556 1357 ventis
572 1314 602 1357 et
615 1299 659 1356 dis
672 1298 800 1376 Agrippa
814 1297 948 1357 secundis

296 1381 399 1439 arduus
414 1400 516 1456 agmen
532 1399 640 1455 agens3
661 1379 718 1452 cui,
734 1379 805 1437 belli
820 1379 932 1455 insigne
946 1380 1114 1456 superbum,

296 1477 426 1537 tempora
441 1459 537 1517 navali
553 1459 665 1535 fulgent
679 1474 799 1518 rostrata
814 1479 930 1518 corona.

295 1541 364 1599 hinc
379 1560 435 1617 ope
449 1539 598 1598 barbarica
613 1540 757 1618 variisque
770 1540 917 1599 Antonius
931 1540 1026 1613 armis,

295 1621 389 1680 victor
403 1620 438 1678 ab
453 1620 582 1678 Aurorae
597 1621 714 1698 populis
730 1636 760 1679 et
775 1620 860 1680 litore
873 1621 970 1693 rubro,

295 1702 459 1778 Aegyptum
474 1699 607 1778 viresque
623 1700 754 1759 Orientis
770 1716 799 1761 et
814 1701 918 1760 ultima
932 1721 1031 1760 secum

296 1783 398 1842 Bactr'a
411 1781 492 1839 vehit
504 1805 514 1851 ;
535 1781 733 1860 sequiturque,
746 1783 825 1841 nefas
838 1783 845 1842 !
867 1781 1011 1860 Aegyptia
1022 1783 1156 1842 coniunx.

296 1883 354 1922 una
368 1882 468 1920 omnes
483 1880 577 1935 ruere,
593 1883 626 1922 ac
642 1878 736 1921 totum
751 1882 883 1940 spumare
896 1862 1024 1921 reductis

295 1944 467 2003 convulsum
478 1943 563 2002 remis
579 1943 732 2021 rostrisque
748 1943 922 2002 tridentibus
936 1964 1053 2021 aequor.
1125 1963 1160 2013 φο
1254 2023 1255 2037 ¹

295 2025 355 2084 alta
369 2039 477 2100 petunt
490 2049 499 2095 ;
520 2023 625 2101 pelago
641 2025 740 2084 credas
755 2023 858 2083 innare
872 2023 998 2082 revulsas

296 2104 439 2184 Cycladas
453 2118 503 2163 aut
518 2121 631 2164 montes
647 2125 819 2165 concurrere
833 2105 980 2164 montibus
994 2105 1067 2163 altos
1081 2128 1088 2166 :

296 2200 376 2243 tanta
390 2185 468 2243 mole
483 2185 537 2243 viri
553 2185 661 2244 turritis
676 2186 822 2264 puppibus
837 2186 955 2245 instant.

295 2282 415 2343 stuppea
430 2264 545 2324 flamma
559 2287 648 2326 manu
664 2267 787 2345 telisque
801 2267 920 2325 volatile
935 2268 1045 2325 ferrum

296 2346 458 2424 spargitur;
479 2369 545 2406 arva
559 2367 634 2406 nova
649 2347 804 2425 Neptunia
817 2348 906 2406 caede
919 2348 1089 2406 rubescunt.

296 2426 394 2504 regina
407 2426 439 2485 in
453 2427 557 2486 mediis
570 2428 664 2506 patrio
678 2443 764 2486 vocat
778 2428 892 2503 agmina
907 2429 988 2486 sistro
1000 2454 1010 2500 ;
1252 2479 1253 2494 .

297 2508 422 2567 necdum
438 2508 526 2566 etiam
541 2509 671 2584 geminos
686 2529 701 2566 a
717 2524 796 2584 tergo
810 2509 929 2587 respicit
944 2529 1058 2585 angues.

296 2588 544 2667 omnigenumque
559 2589 646 2647 deum
661 2604 788 2647 monstra
804 2603 833 2648 et
848 2590 965 2648 latrator
977 2590 1092 2648 Anubis

296 2683 397 2727 contra
412 2669 588 2746 Neptunum
603 2685 632 2727 et
647 2669 794 2728 Venerem
809 2685 968 2749 contraque
984 2670 1153 2729 Minervam

297 2751 354 2808 tela
369 2765 481 2808 tenent.
523 2749 612 2808 saevit
627 2749 724 2808 medio
739 2749 770 2808 in
785 2750 946 2810 certamine
962 2751 1082 2810 Mavors
1126 2780 1165 2820 700

297 2831 421 2889 caelatus
437 2831 521 2902 ferro,
538 2829 690 2909 tristesque
706 2851 741 2890 ex
757 2833 872 2890 aethere
887 2831 976 2891 Dirae
989 2856 999 2902 ;

297 2927 326 2970 et
341 2911 425 2970 scissa
439 2911 565 2987 gaudens
579 2911 660 2970 vadit
674 2912 826 2972 Discordia
840 2912 927 2990 palla,

296 3011 384 3069 quam
398 3012 465 3051 cum
480 2992 639 3069 sanguineo
654 2993 784 3071 sequitur
798 2993 921 3051 Bellona
935 2990 1061 3068 flagello.

295 3071 398 3130 Aetius
412 3074 485 3132 haec
500 3093 622 3132 cernens
637 3093 734 3132 arcum
748 3073 922 3132 intendebat
935 3073 1044 3150 Apollo

296 3152 419 3229 desuper
434 3175 443 3212 ε
464 3153 557 3212 omnis
572 3175 607 3212 eo
621 3170 728 3212 terrore
741 3154 890 3232 Aegyptus
905 3169 935 3212 et
949 3153 1025 3226 Indi,

296 3232 390 3291 omnis
404 3233 505 3306 Arabs,
520 3255 620 3293 omnes
634 3233 787 3294 vertebant
800 3249 878 3310 terga
894 3233 1006 3293 Sabaei.

296 3312 357 3392 ipsa
371 3312 524 3372 videbatur
537 3315 631 3373 ventis
645 3315 743 3392 regins
757 3315 866 3374 vocatis

402 3411 449 3473 672
467 3411 594 3476 spumabat.
658 3427 706 3474 7oo
722 3420 811 3462 tenens.
877 3425 922 3475 701
942 3415 1012 3462 divae.
