2558 4112
427 389 595 440 Aruernos
612 390 675 439 um.
692 391 732 440 1v
987 391 1030 454 1⁶5

148 520 303 600 ‘Iuppiter
316 520 510 598 omnipotens,
525 520 573 580 eui
589 541 667 580 nuuc
685 521 831 580 Maurusia
843 522 930 600 pictis

168 623 238 679 gens
253 603 369 680 epulata
383 601 451 660 toris
465 602 615 660 Lenaeum
630 601 701 661 libat
714 603 866 677 honorem,

169 682 270 760 aspicis
284 684 379 742 haec?
399 703 436 742 an
451 698 490 754 te,
504 682 628 758 genitor,
643 703 710 742 cum
726 682 848 742 fulmina
862 699 985 776 torques,

169 763 346 842 nequiquam
360 765 517 834 horremus,
533 763 672 842 caecique
686 763 716 822 in
732 763 877 822 nubibus'
869 784 948 839 rgnes
1024 767 1025 770 ’

169 843 328 903 terrificant
342 843 462 915 animos,
477 859 506 901 et
519 844 617 902 inania
630 863 776 903 murmura
789 844 935 904 miscent?
995 874 1036 904 ,ιο

168 924 286 1016 femina,
302 943 375 1002 quae
389 924 493 982 nostris
509 945 604 982 errans
618 925 648 983 in
663 924 768 982 finibus
782 925 882 982 urbem

169 1004 301 1080 exiguam
314 1005 408 1082 pretio
421 1003 532 1083 posuit,
543 1025 589 1063 cur
582 1004 672 1064 'litus
686 1005 832 1076 arandum,

169 1085 275 1164 cuique
290 1084 347 1143 loci
363 1085 440 1161 leges
455 1085 597 1158 dedimus,
613 1085 739 1144 conubia
753 1100 849 1144 nostra

168 1165 305 1244 reppulit,
321 1186 353 1224 ac
369 1165 520 1224 dominum
534 1167 655 1224 Aenean
670 1166 702 1224 in
716 1186 805 1242 regna
818 1167 938 1245 recepit.

168 1261 197 1305 et
211 1267 290 1306 nunc
305 1247 356 1305 ille
372 1246 458 1316 Paris,
474 1266 542 1311 eum
557 1246 688 1306 semiviro
702 1247 848 1318 comitatu,

169 1327 307 1386 Maeonia
320 1341 452 1386 mentum
466 1327 552 1386 mitra
565 1327 732 1406 crinemque
747 1328 913 1398 medentem

168 1407 315 1478 subnixus,
331 1424 414 1486 rapto
426 1408 557 1486 potitur:
579 1429 630 1466 nos
645 1428 765 1467 munera
779 1409 894 1487 templis

168 1488 277 1567 quippe
292 1488 348 1548 tuis
363 1487 490 1561 ferimus,
506 1489 670 1568 famamque
685 1490 815 1548 fovemus
830 1489 968 1550 inanem!

209 1569 311 1628 talibus
326 1585 456 1628 orantem
471 1569 556 1628 dictis
571 1590 688 1649 arasque
703 1585 851 1628 tenentem

168 1649 260 1708 audiit
274 1650 465 1726 omnipotens,
480 1651 639 1728 oculosque
654 1649 690 1708 ad
704 1651 820 1710 moenia
835 1651 914 1708 torsit
996 1679 1035 1710 πο

168 1730 252 1805 regia,
268 1745 297 1790 et
308 1729 412 1788 oblitos
428 1731 520 1789 famae
535 1731 662 1789 melioris
677 1745 813 1791 amantes.

168 1825 231 1869 tum
245 1811 285 1868 sic
302 1811 484 1870 Mercurium
500 1810 675 1888 adloquitur,
691 1831 724 1868 ac
740 1810 808 1868 talia
821 1797 959 1870 mandat:

147 1891 239 1950 ‘vade
254 1911 316 1967 age,
330 1905 407 1963 nate,
422 1911 494 1948 voca
507 1891 668 1968 Zephyros,
685 1905 714 1948 et
728 1891 865 1948 labere
836 1891 943 1969 prnnis,

167 1971 406 2050 Dardaniumque
421 1971 535 2042 ducem,
551 1969 642 2047 Tyria
659 1971 834 2046 Carthagine
848 1971 898 2049 qui
913 1991 992 2031 nunc

168 2067 324 2128 exspectat,
339 2051 462 2129 fatisque
476 2051 555 2108 datas
571 2071 630 2109 non
645 2051 762 2129 respicit
778 2053 871 2122 urbes,
961 2106 963 2109 .

167 2132 332 2210 adloquere,
347 2146 377 2189 et
391 2130 499 2189 celeres
514 2129 596 2188 defer
610 2151 674 2190 mea
687 2132 764 2190 dicta
779 2153 831 2210 per
844 2153 933 2193 auras.

166 2232 228 2271 non
242 2211 328 2270 illum
342 2210 424 2269 nobis
439 2211 571 2286 genetrix
586 2211 780 2288 pulcherrima
796 2213 884 2273 talem

166 2291 307 2370 promisit,
323 2291 505 2368 Graiumque
519 2291 586 2350 ideo
599 2291 642 2350 bis
657 2291 786 2351 vindicat
800 2294 904 2364 armis;

81 2367 84 2374 ’
167 2373 218 2432 sed
232 2373 304 2442 fore,
320 2371 370 2450 qui
384 2371 530 2447 gravidam
545 2371 673 2451 imperiis
688 2372 826 2451 belloque
841 2374 1016 2433 frementem
1066 2395 1071 2408 ·

168 2453 283 2512 Italiam
299 2469 420 2528 regeret,
435 2473 526 2528 genus
541 2453 601 2512 alto
615 2475 631 2512 a
647 2453 785 2530 sanguine
800 2453 911 2512 Teucri
996 2485 1034 2523 230

166 2534 313 2611 proderet,
327 2554 360 2592 ec
376 2548 469 2592 totum
484 2533 537 2592 sub
553 2533 641 2672 legesl
644 2533 775 2594 mitteret
789 2535 898 2594 orbem.

167 2614 190 2672 si
208 2615 290 2672 nulla
305 2613 439 2674 accendit
454 2628 685 2674 tantarumorr
688 2634 823 2690 ererum,

167 2714 223 2753 nec
238 2715 323 2772 super
337 2695 398 2774 ipse
412 2715 462 2754 sua
477 2695 596 2754 molitur
611 2615 709 2766 &id
707 2696 850 2770 laborem

165 2775 330 2834 Ascanione
344 2791 427 2853 pater
442 2775 587 2834 Romanas
601 2775 714 2835 invidet
729 2781 826 2836 arces?

166 2855 239 2934 quid
252 2855 356 2914 struit?
377 2872 427 2914 aut
441 2876 498 2934 qua
511 2875 562 2934 spe
576 2856 695 2914 inimica
708 2857 740 2914 in
754 2874 842 2934 gente
857 2867 994 2929 moratur,

167 2957 221 2995 nec
236 2937 349 3014 prolem
362 2936 523 2996 Ausoniam
539 2952 568 2996 et
582 2936 703 2996 Lavinia
718 2938 835 3030 respicit
850 2943 933 2996 arva?

166 3016 300 3093 naviget.
323 3019 394 3076 haec
409 3036 520 3076 summa
535 3032 596 3088 est;
617 3017 665 3075 hic
680 3019 770 3077 nostri
782 3018 902 3076 nuntius
918 3018 998 3078 esto!

207 3097 330 3158 dixerat.
371 3097 422 3156 ille
436 3097 524 3176 patris
539 3097 634 3173 magni
649 3119 751 3175 parere
765 3100 882 3176 parabat

166 3177 307 3255 imperio:
330 3193 359 3237 et
373 3177 499 3256 primum
513 3176 635 3270 pedibus
651 3178 750 3270 talaris
765 3179 857 3238 nectit

167 3279 262 3331 aurea,
277 3279 351 3336 quae
366 3259 519 3317 sublimem
535 3256 623 3316 alis
601 3277 672 3316 sure
668 3257 799 3337 eeqiiora
813 3281 896 3344 supra
995 3289 1033 3328 ψ

166 3359 217 3397 seu
232 3353 337 3399 terram
352 3338 452 3416 rapido
466 3337 573 3416 pariter
588 3357 655 3396 cum
669 3337 787 3398 flamine
801 3356 929 3420 portant.

484 3443 530 3491 217
548 3430 669 3480 subnexus
