<?xml version="1.0" encoding="UTF-8"?>
<!DOCTYPE html PUBLIC "-//W3C//DTD XHTML 1.0 Transitional//EN"
    "http://www.w3.org/TR/xhtml1/DTD/xhtml1-transitional.dtd">
<html xmlns="http://www.w3.org/1999/xhtml" xml:lang="en" lang="en">
 <head>
  <title>
</title>
<meta http-equiv="Content-Type" content="text/html;charset=utf-8" />
  <meta name='ocr-system' content='tesseract 3.04.00' />
  <meta name='ocr-capabilities' content='ocr_page ocr_carea ocr_par ocr_line ocrx_word'/>
</head>
<body>
  <div class='ocr_page' id='page_1' title='image "./bucolicageorgic05virggoog/bucolicageorgic05virggoog_0208.png"; bbox 0 0 2568 4114; ppageno 0'>
   <div class='ocr_carea' id='block_1_1' title="bbox 448 440 740 490">
    <p class='ocr_par' dir='ltr' id='par_1_1' title="bbox 448 440 740 490">
     <span class='ocr_line' id='line_1_1' title="bbox 448 440 740 490; baseline 0.003 -2"><span class='ocrx_word' id='word_1_1' title='bbox 448 440 616 489; x_wconf 88' lang='lat' dir='ltr'>AENEIDOS</span> <span class='ocrx_word' id='word_1_2' title='bbox 634 441 697 490; x_wconf 78' lang='lat' dir='ltr'>Lus.</span> <span class='ocrx_word' id='word_1_3' title='bbox 715 443 740 489; x_wconf 89' lang='lat' dir='ltr'>V</span> 
     </span>
    </p>
   </div>
   <div class='ocr_carea' id='block_1_2' title="bbox 159 570 1049 3551">
    <p class='ocr_par' dir='ltr' id='par_1_2' title="bbox 175 570 940 650">
     <span class='ocr_line' id='line_1_2' title="bbox 175 570 940 650; baseline 0 -18"><span class='ocrx_word' id='word_1_4' title='bbox 175 571 228 632; x_wconf 86' lang='lat' dir='ltr'>dat</span> <span class='ocrx_word' id='word_1_5' title='bbox 242 591 365 632; x_wconf 88' lang='lat' dir='ltr'>numero</span> <span class='ocrx_word' id='word_1_6' title='bbox 381 571 475 650; x_wconf 89' lang='lat' dir='ltr'>capita</span> <span class='ocrx_word' id='word_1_7' title='bbox 490 570 521 630; x_wconf 90' lang='lat' dir='ltr'>in</span> <span class='ocrx_word' id='word_1_8' title='bbox 537 592 644 643; x_wconf 81' lang='lat' dir='ltr'>naves3</span> <span class='ocrx_word' id='word_1_9' title='bbox 665 572 802 632; x_wconf 87' lang='lat' dir='ltr'>adhibete</span> <span class='ocrx_word' id='word_1_10' title='bbox 818 572 940 632; x_wconf 85' lang='lat' dir='ltr'>Penates</span> 
     </span>
    </p>

    <p class='ocr_par' dir='ltr' id='par_1_3' title="bbox 177 652 918 732">
     <span class='ocr_line' id='line_1_3' title="bbox 177 652 918 732; baseline 0 -19"><span class='ocrx_word' id='word_1_11' title='bbox 177 669 207 713; x_wconf 90' lang='lat' dir='ltr'>et</span> <span class='ocrx_word' id='word_1_12' title='bbox 221 653 329 732; x_wconf 89' lang='lat' dir='ltr'>patrios</span> <span class='ocrx_word' id='word_1_13' title='bbox 348 654 440 730; x_wconf 88' lang='lat' dir='ltr'>epulis</span> <span class='ocrx_word' id='word_1_14' title='bbox 456 666 485 712; x_wconf 88' lang='lat' dir='ltr'>et</span> <span class='ocrx_word' id='word_1_15' title='bbox 499 674 570 732; x_wconf 89' lang='lat' dir='ltr'>quos</span> <span class='ocrx_word' id='word_1_16' title='bbox 586 652 657 712; x_wconf 81' lang='lat' dir='ltr'>colit&#39;</span> <span class='ocrx_word' id='word_1_17' title='bbox 671 655 775 731; x_wconf 87' lang='lat' dir='ltr'>hospes</span> <span class='ocrx_word' id='word_1_18' title='bbox 789 655 918 713; x_wconf 85' lang='lat' dir='ltr'><strong>Acestes.</strong></span> 
     </span>
    </p>

    <p class='ocr_par' dir='ltr' id='par_1_4' title="bbox 175 733 870 812">
     <span class='ocr_line' id='line_1_4' title="bbox 175 733 870 812; baseline 0 -20"><span class='ocrx_word' id='word_1_19' title='bbox 175 750 336 812; x_wconf 84' lang='lat' dir='ltr'>praeterea,</span> <span class='ocrx_word' id='word_1_20' title='bbox 351 733 374 792; x_wconf 88' lang='lat' dir='ltr'>si</span> <span class='ocrx_word' id='word_1_21' title='bbox 390 754 467 792; x_wconf 91' lang='lat' dir='ltr'>nona</span> <span class='ocrx_word' id='word_1_22' title='bbox 482 734 562 792; x_wconf 89' lang='lat' dir='ltr'>diem</span> <span class='ocrx_word' id='word_1_23' title='bbox 576 733 746 794; x_wconf 84' lang='lat' dir='ltr'>mortalibus</span> <span class='ocrx_word' id='word_1_24' title='bbox 761 735 870 792; x_wconf 87' lang='lat' dir='ltr'>almum</span> 
     </span>
    </p>

    <p class='ocr_par' dir='ltr' id='par_1_5' title="bbox 175 814 878 894">
     <span class='ocr_line' id='line_1_5' title="bbox 175 814 878 894; baseline 0.001 -21"><span class='ocrx_word' id='word_1_25' title='bbox 175 815 288 874; x_wconf 90' lang='lat' dir='ltr'>Aurora</span> <span class='ocrx_word' id='word_1_26' title='bbox 303 814 441 873; x_wconf 86' lang='lat' dir='ltr'>extulerit</span> <span class='ocrx_word' id='word_1_27' title='bbox 455 814 600 894; x_wconf 87' lang='lat' dir='ltr'>radiisque</span> <span class='ocrx_word' id='word_1_28' title='bbox 616 815 754 874; x_wconf 83' lang='lat' dir='ltr'>retexerit</span> <span class='ocrx_word' id='word_1_29' title='bbox 768 815 878 887; x_wconf 82' lang='lat' dir='ltr'>orbem,</span> 
     </span>
    </p>

    <p class='ocr_par' dir='ltr' id='par_1_6' title="bbox 176 894 926 974">
     <span class='ocr_line' id='line_1_6' title="bbox 176 894 926 974; baseline 0.003 -22"><span class='ocrx_word' id='word_1_30' title='bbox 176 895 270 974; x_wconf 89' lang='lat' dir='ltr'>prima</span> <span class='ocrx_word' id='word_1_31' title='bbox 285 894 360 954; x_wconf 89' lang='lat' dir='ltr'>citae</span> <span class='ocrx_word' id='word_1_32' title='bbox 376 895 500 954; x_wconf 89' lang='lat' dir='ltr'>Teucris</span> <span class='ocrx_word' id='word_1_33' title='bbox 514 916 623 973; x_wconf 88' lang='lat' dir='ltr'>ponam</span> <span class='ocrx_word' id='word_1_34' title='bbox 639 895 797 954; x_wconf 89' lang='lat' dir='ltr'>certamina</span> <span class='ocrx_word' id='word_1_35' title='bbox 812 895 926 966; x_wconf 89' lang='lat' dir='ltr'>classis;</span> 
     </span>
    </p>

    <p class='ocr_par' dir='ltr' id='par_1_7' title="bbox 176 975 952 1054">
     <span class='ocr_line' id='line_1_7' title="bbox 176 975 952 1054; baseline 0 -20"><span class='ocrx_word' id='word_1_36' title='bbox 176 975 286 1054; x_wconf 86' lang='lat' dir='ltr'>quique</span> <span class='ocrx_word' id='word_1_37' title='bbox 300 975 409 1052; x_wconf 91' lang='lat' dir='ltr'>pedum</span> <span class='ocrx_word' id='word_1_38' title='bbox 424 995 509 1035; x_wconf 90' lang='lat' dir='ltr'>cursu</span> <span class='ocrx_word' id='word_1_39' title='bbox 523 977 610 1049; x_wconf 92' lang='lat' dir='ltr'>valet,</span> <span class='ocrx_word' id='word_1_40' title='bbox 627 991 657 1034; x_wconf 92' lang='lat' dir='ltr'>et</span> <span class='ocrx_word' id='word_1_41' title='bbox 671 975 721 1054; x_wconf 87' lang='lat' dir='ltr'>qui</span> <span class='ocrx_word' id='word_1_42' title='bbox 736 975 844 1034; x_wconf 87' lang='lat' dir='ltr'>viribus</span> <span class='ocrx_word' id='word_1_43' title='bbox 859 975 952 1034; x_wconf 87' lang='lat' dir='ltr'>audax</span> 
     </span>
    </p>

    <p class='ocr_par' dir='ltr' id='par_1_8' title="bbox 176 1055 901 1134">
     <span class='ocr_line' id='line_1_8' title="bbox 176 1055 901 1134; baseline -0.001 -19"><span class='ocrx_word' id='word_1_44' title='bbox 176 1072 227 1116; x_wconf 88' lang='lat' dir='ltr'>aut</span> <span class='ocrx_word' id='word_1_45' title='bbox 241 1056 337 1115; x_wconf 89' lang='lat' dir='ltr'>iaculo</span> <span class='ocrx_word' id='word_1_46' title='bbox 352 1055 464 1115; x_wconf 89' lang='lat' dir='ltr'>incedit</span> <span class='ocrx_word' id='word_1_47' title='bbox 479 1056 583 1115; x_wconf 89' lang='lat' dir='ltr'>melior</span> <span class='ocrx_word' id='word_1_48' title='bbox 597 1056 768 1134; x_wconf 87' lang='lat' dir='ltr'>levibusque</span> <span class='ocrx_word' id='word_1_49' title='bbox 783 1056 901 1132; x_wconf 83' lang='lat' dir='ltr'>sagittis,</span> 
     </span>
    </p>

    <p class='ocr_par' dir='ltr' id='par_1_9' title="bbox 177 1136 875 1215">
     <span class='ocr_line' id='line_1_9' title="bbox 177 1136 875 1215; baseline 0 -20"><span class='ocrx_word' id='word_1_50' title='bbox 177 1157 227 1196; x_wconf 89' lang='lat' dir='ltr'>seu</span> <span class='ocrx_word' id='word_1_51' title='bbox 242 1138 332 1196; x_wconf 91' lang='lat' dir='ltr'>crudo</span> <span class='ocrx_word' id='word_1_52' title='bbox 347 1136 411 1196; x_wconf 90' lang='lat' dir='ltr'>fidit</span> <span class='ocrx_word' id='word_1_53' title='bbox 425 1157 554 1215; x_wconf 89' lang='lat' dir='ltr'>pugnam</span> <span class='ocrx_word' id='word_1_54' title='bbox 569 1137 753 1197; x_wconf 86' lang='lat' dir='ltr'>committere</span> <span class='ocrx_word' id='word_1_55' title='bbox 768 1153 875 1210; x_wconf 90' lang='lat' dir='ltr'>caestu,</span> 
     </span>
    </p>

    <p class='ocr_par' dir='ltr' id='par_1_10' title="bbox 177 1217 1047 1296">
     <span class='ocr_line' id='line_1_10' title="bbox 177 1217 1047 1296; baseline -0.001 -20"><span class='ocrx_word' id='word_1_56' title='bbox 177 1217 278 1277; x_wconf 90' lang='lat' dir='ltr'>cuncti</span> <span class='ocrx_word' id='word_1_57' title='bbox 293 1217 397 1290; x_wconf 85' lang='lat' dir='ltr'>adsint,</span> <span class='ocrx_word' id='word_1_58' title='bbox 408 1218 587 1296; x_wconf 86' lang='lat' dir='ltr'>meritaeque</span> <span class='ocrx_word' id='word_1_59' title='bbox 599 1233 770 1296; x_wconf 86' lang='lat' dir='ltr'>exspectent</span> <span class='ocrx_word' id='word_1_60' title='bbox 783 1217 911 1296; x_wconf 85' lang='lat' dir='ltr'>praemia</span> <span class='ocrx_word' id='word_1_61' title='bbox 925 1217 1047 1295; x_wconf 88' lang='lat' dir='ltr'>palmae.</span> 
     </span>
    </p>

    <p class='ocr_par' dir='ltr' id='par_1_11' title="bbox 177 1297 1047 1458">
     <span class='ocr_line' id='line_1_11' title="bbox 177 1297 1047 1377; baseline -0.002 -21"><span class='ocrx_word' id='word_1_62' title='bbox 177 1319 227 1357; x_wconf 91' lang='lat' dir='ltr'>ore</span> <span class='ocrx_word' id='word_1_63' title='bbox 242 1298 338 1356; x_wconf 82' lang='lat' dir='ltr'>favete</span> <span class='ocrx_word' id='word_1_64' title='bbox 352 1318 463 1372; x_wconf 89' lang='lat' dir='ltr'>omnes,</span> <span class='ocrx_word' id='word_1_65' title='bbox 479 1315 509 1358; x_wconf 94' lang='lat' dir='ltr'>et</span> <span class='ocrx_word' id='word_1_66' title='bbox 524 1298 634 1375; x_wconf 85' lang='lat' dir='ltr'>cingite</span> <span class='ocrx_word' id='word_1_67' title='bbox 650 1314 780 1377; x_wconf 90' lang='lat' dir='ltr'>tempora</span> <span class='ocrx_word' id='word_1_68' title='bbox 795 1297 900 1356; x_wconf 75' lang='lat' dir='ltr'>ramis!</span> <span class='ocrx_word' id='word_1_69' title='bbox 1023 1327 1047 1365; x_wconf 86' lang='lat'>71</span> 
     </span>
     <span class='ocr_line' id='line_1_12' title="bbox 216 1378 854 1458; baseline 0 -22"><span class='ocrx_word' id='word_1_70' title='bbox 216 1378 259 1436; x_wconf 87' lang='lat' dir='ltr'>sic</span> <span class='ocrx_word' id='word_1_71' title='bbox 274 1379 349 1437; x_wconf 87' lang='lat' dir='ltr'>fatus</span> <span class='ocrx_word' id='word_1_72' title='bbox 364 1379 442 1437; x_wconf 89' lang='lat' dir='ltr'>velat</span> <span class='ocrx_word' id='word_1_73' title='bbox 457 1393 587 1438; x_wconf 89' lang='lat' dir='ltr'>materna</span> <span class='ocrx_word' id='word_1_74' title='bbox 604 1395 734 1458; x_wconf 90' lang='lat' dir='ltr'>tempora</span> <span class='ocrx_word' id='word_1_75' title='bbox 749 1394 854 1456; x_wconf 86' lang='lat' dir='ltr'>myrto.</span> 
     </span>
    </p>

    <p class='ocr_par' dir='ltr' id='par_1_12' title="bbox 178 1459 925 1538">
     <span class='ocr_line' id='line_1_13' title="bbox 178 1459 925 1538; baseline 0.001 -22"><span class='ocrx_word' id='word_1_76' title='bbox 178 1461 234 1517; x_wconf 93' lang='lat' dir='ltr'>hoc</span> <span class='ocrx_word' id='word_1_77' title='bbox 250 1459 394 1538; x_wconf 85' lang='lat' dir='ltr'>Helymus</span> <span class='ocrx_word' id='word_1_78' title='bbox 408 1459 489 1532; x_wconf 87' lang='lat' dir='ltr'>facit,</span> <span class='ocrx_word' id='word_1_79' title='bbox 505 1461 560 1519; x_wconf 90' lang='lat' dir='ltr'>hoc</span> <span class='ocrx_word' id='word_1_80' title='bbox 577 1460 639 1518; x_wconf 87' lang='lat' dir='ltr'>aevi</span> <span class='ocrx_word' id='word_1_81' title='bbox 655 1474 782 1519; x_wconf 90' lang='lat' dir='ltr'>maturus</span> <span class='ocrx_word' id='word_1_82' title='bbox 797 1461 925 1531; x_wconf 86' lang='lat' dir='ltr'>Acestes,</span> 
     </span>
    </p>

    <p class='ocr_par' dir='ltr' id='par_1_13' title="bbox 178 1540 945 1619">
     <span class='ocr_line' id='line_1_14' title="bbox 178 1540 945 1619; baseline 0 -21"><span class='ocrx_word' id='word_1_83' title='bbox 178 1541 235 1599; x_wconf 91' lang='lat' dir='ltr'>hoc</span> <span class='ocrx_word' id='word_1_84' title='bbox 249 1561 322 1617; x_wconf 90' lang='lat' dir='ltr'>puer</span> <span class='ocrx_word' id='word_1_85' title='bbox 334 1540 485 1612; x_wconf 88' lang='lat' dir='ltr'>Ascanius,</span> <span class='ocrx_word' id='word_1_86' title='bbox 502 1541 633 1619; x_wconf 87' lang='lat' dir='ltr'>sequitur</span> <span class='ocrx_word' id='word_1_87' title='bbox 648 1561 718 1619; x_wconf 91' lang='lat' dir='ltr'>quos</span> <span class='ocrx_word' id='word_1_88' title='bbox 734 1555 830 1600; x_wconf 88' lang='lat' dir='ltr'>cetera</span> <span class='ocrx_word' id='word_1_89' title='bbox 844 1540 945 1618; x_wconf 87' lang='lat' dir='ltr'>pubes.</span> 
     </span>
    </p>

    <p class='ocr_par' dir='ltr' id='par_1_14' title="bbox 178 1620 805 1681">
     <span class='ocr_line' id='line_1_15' title="bbox 178 1620 805 1681; baseline 0.002 -3"><span class='ocrx_word' id='word_1_90' title='bbox 178 1620 230 1679; x_wconf 87' lang='lat' dir='ltr'>ille</span> <span class='ocrx_word' id='word_1_91' title='bbox 245 1641 260 1678; x_wconf 89' lang='lat' dir='ltr'>e</span> <span class='ocrx_word' id='word_1_92' title='bbox 275 1621 401 1679; x_wconf 91' lang='lat' dir='ltr'>concilio</span> <span class='ocrx_word' id='word_1_93' title='bbox 415 1621 514 1681; x_wconf 89' lang='lat' dir='ltr'>multis</span> <span class='ocrx_word' id='word_1_94' title='bbox 530 1641 598 1680; x_wconf 92' lang='lat' dir='ltr'>cum</span> <span class='ocrx_word' id='word_1_95' title='bbox 612 1621 729 1681; x_wconf 88' lang='lat' dir='ltr'>milibus</span> <span class='ocrx_word' id='word_1_96' title='bbox 744 1621 805 1679; x_wconf 92' lang='lat' dir='ltr'>ibat</span> 
     </span>
    </p>

    <p class='ocr_par' dir='ltr' id='par_1_15' title="bbox 179 1688 946 1779">
     <span class='ocr_line' id='line_1_16' title="bbox 179 1688 946 1779; baseline 0 -19"><span class='ocrx_word' id='word_1_97' title='bbox 179 1701 215 1760; x_wconf 86' lang='lat' dir='ltr'>ad</span> <span class='ocrx_word' id='word_1_98' title='bbox 231 1688 384 1775; x_wconf 83' lang='lat' dir='ltr'>tumulu&#39;m,</span> <span class='ocrx_word' id='word_1_99' title='bbox 399 1722 503 1779; x_wconf 86' lang='lat' dir='ltr'>magna</span> <span class='ocrx_word' id='word_1_100' title='bbox 519 1699 631 1760; x_wconf 87' lang='lat' dir='ltr'>medius</span> <span class='ocrx_word' id='word_1_101' title='bbox 647 1702 806 1761; x_wconf 90' lang='lat' dir='ltr'>comitante</span> <span class='ocrx_word' id='word_1_102' title='bbox 822 1716 946 1761; x_wconf 87' lang='lat' dir='ltr'>caterva.</span> 
     </span>
    </p>

    <p class='ocr_par' dir='ltr' id='par_1_16' title="bbox 178 1781 868 1842">
     <span class='ocr_line' id='line_1_17' title="bbox 178 1781 868 1842; baseline 0 -2"><span class='ocrx_word' id='word_1_103' title='bbox 178 1781 227 1841; x_wconf 90' lang='lat' dir='ltr'>hic</span> <span class='ocrx_word' id='word_1_104' title='bbox 243 1782 300 1841; x_wconf 93' lang='lat' dir='ltr'>duo</span> <span class='ocrx_word' id='word_1_105' title='bbox 314 1781 370 1842; x_wconf 89' lang='lat' dir='ltr'>rite</span> <span class='ocrx_word' id='word_1_106' title='bbox 385 1803 464 1841; x_wconf 91' lang='lat' dir='ltr'>mero</span> <span class='ocrx_word' id='word_1_107' title='bbox 479 1781 574 1841; x_wconf 88' lang='lat' dir='ltr'>libans</span> <span class='ocrx_word' id='word_1_108' title='bbox 589 1782 736 1842; x_wconf 87' lang='lat' dir='ltr'>carchesia</span> <span class='ocrx_word' id='word_1_109' title='bbox 751 1782 868 1840; x_wconf 88' lang='lat' dir='ltr'>Baccho</span> 
     </span>
    </p>

    <p class='ocr_par' dir='ltr' id='par_1_17' title="bbox 179 1861 980 1937">
     <span class='ocr_line' id='line_1_18' title="bbox 179 1861 980 1937; baseline -0.001 -17"><span class='ocrx_word' id='word_1_110' title='bbox 179 1862 278 1922; x_wconf 82' lang='lat' dir='ltr'>fundit</span> <span class='ocrx_word' id='word_1_111' title='bbox 291 1863 383 1936; x_wconf 88' lang='lat' dir='ltr'>humi,</span> <span class='ocrx_word' id='word_1_112' title='bbox 398 1863 456 1922; x_wconf 92' lang='lat' dir='ltr'>duo</span> <span class='ocrx_word' id='word_1_113' title='bbox 471 1864 547 1922; x_wconf 89' lang='lat' dir='ltr'>lacte</span> <span class='ocrx_word' id='word_1_114' title='bbox 563 1883 649 1935; x_wconf 88' lang='lat' dir='ltr'>novo,</span> <span class='ocrx_word' id='word_1_115' title='bbox 664 1862 723 1920; x_wconf 90' lang='lat' dir='ltr'>duo</span> <span class='ocrx_word' id='word_1_116' title='bbox 737 1861 876 1937; x_wconf 88' lang='lat' dir='ltr'>sanguine</span> <span class='ocrx_word' id='word_1_117' title='bbox 891 1881 980 1935; x_wconf 89' lang='lat' dir='ltr'>sacro,</span> 
     </span>
    </p>

    <p class='ocr_par' dir='ltr' id='par_1_18' title="bbox 179 1941 831 2022">
     <span class='ocr_line' id='line_1_19' title="bbox 179 1941 831 2022; baseline -0.005 -20"><span class='ocrx_word' id='word_1_118' title='bbox 179 1963 395 2022; x_wconf 90' lang='lat' dir='ltr'>purpureosque</span> <span class='ocrx_word' id='word_1_119' title='bbox 410 1943 480 2002; x_wconf 88' lang='lat' dir='ltr'>iacit</span> <span class='ocrx_word' id='word_1_120' title='bbox 495 1942 588 2014; x_wconf 86' lang='lat' dir='ltr'>flores,</span> <span class='ocrx_word' id='word_1_121' title='bbox 604 1963 637 2001; x_wconf 94' lang='lat' dir='ltr'>ac</span> <span class='ocrx_word' id='word_1_122' title='bbox 653 1942 722 2000; x_wconf 86' lang='lat' dir='ltr'>talia</span> <span class='ocrx_word' id='word_1_123' title='bbox 737 1941 831 1999; x_wconf 86' lang='lat' dir='ltr'>fatur:</span> 
     </span>
    </p>

    <p class='ocr_par' dir='ltr' id='par_1_19' title="bbox 159 2021 1049 2344">
     <span class='ocr_line' id='line_1_20' title="bbox 159 2021 1049 2102; baseline -0.004 -19"><span class='ocrx_word' id='word_1_124' title='bbox 159 2024 265 2097; x_wconf 88' lang='lat' dir='ltr'>‘salve,</span> <span class='ocrx_word' id='word_1_125' title='bbox 280 2040 379 2084; x_wconf 91' lang='lat' dir='ltr'>sancte</span> <span class='ocrx_word' id='word_1_126' title='bbox 393 2043 507 2102; x_wconf 87' lang='lat' dir='ltr'>parens,</span> <span class='ocrx_word' id='word_1_127' title='bbox 522 2023 649 2093; x_wconf 81' lang='lat' dir='ltr'>iterum3</span> <span class='ocrx_word' id='word_1_128' title='bbox 671 2023 788 2095; x_wconf 87' lang='lat' dir='ltr'>salvete,</span> <span class='ocrx_word' id='word_1_129' title='bbox 804 2021 914 2100; x_wconf 88' lang='lat' dir='ltr'>recepti</span> <span class='ocrx_word' id='word_1_130' title='bbox 1023 2039 1049 2079; x_wconf 79' lang='lat' dir='ltr'>so</span> 
     </span>
     <span class='ocr_line' id='line_1_21' title="bbox 179 2103 1037 2184; baseline -0.002 -20"><span class='ocrx_word' id='word_1_131' title='bbox 179 2105 357 2184; x_wconf 83' lang='lat' dir='ltr'>nequiquam</span> <span class='ocrx_word' id='word_1_132' title='bbox 372 2104 493 2175; x_wconf 88' lang='lat' dir='ltr'>cineres,</span> <span class='ocrx_word' id='word_1_133' title='bbox 510 2103 683 2182; x_wconf 86' lang='lat' dir='ltr'>animaeque</span> <span class='ocrx_word' id='word_1_134' title='bbox 699 2104 874 2182; x_wconf 84' lang='lat' dir='ltr'>umbraeque</span> <span class='ocrx_word' id='word_1_135' title='bbox 889 2118 1037 2181; x_wconf 88' lang='lat' dir='ltr'>paternae.</span> 
     </span>
     <span class='ocr_line' id='line_1_22' title="bbox 179 2183 792 2262; baseline -0.008 -17"><span class='ocrx_word' id='word_1_136' title='bbox 179 2207 240 2245; x_wconf 92' lang='lat' dir='ltr'>non</span> <span class='ocrx_word' id='word_1_137' title='bbox 255 2185 340 2243; x_wconf 91' lang='lat' dir='ltr'>licuit</span> <span class='ocrx_word' id='word_1_138' title='bbox 354 2184 425 2242; x_wconf 88' lang='lat' dir='ltr'>fines</span> <span class='ocrx_word' id='word_1_139' title='bbox 441 2183 529 2241; x_wconf 87' lang='lat' dir='ltr'>Italos</span> <span class='ocrx_word' id='word_1_140' title='bbox 545 2183 702 2262; x_wconf 82' lang='lat' dir='ltr'>fataliaque</span> <span class='ocrx_word' id='word_1_141' title='bbox 718 2205 792 2256; x_wconf 89' lang='lat' dir='ltr'>arva,</span> 
     </span>
     <span class='ocr_line' id='line_1_23' title="bbox 178 2263 1048 2344; baseline -0.005 -19"><span class='ocrx_word' id='word_1_142' title='bbox 178 2287 233 2325; x_wconf 92' lang='lat' dir='ltr'>nec</span> <span class='ocrx_word' id='word_1_143' title='bbox 270 2280 368 2323; x_wconf 88' lang='lat' dir='ltr'>tecum</span> <span class='ocrx_word' id='word_1_144' title='bbox 402 2263 575 2336; x_wconf 86' lang='lat' dir='ltr'>Ausonium,</span> <span class='ocrx_word' id='word_1_145' title='bbox 609 2264 787 2342; x_wconf 88' lang='lat' dir='ltr'>quicumque</span> <span class='ocrx_word' id='word_1_146' title='bbox 823 2280 874 2337; x_wconf 86' lang='lat' dir='ltr'>est,</span> <span class='ocrx_word' id='word_1_147' title='bbox 911 2283 1048 2344; x_wconf 89' lang='lat' dir='ltr'>quaerere</span> 
     </span>
    </p>

    <p class='ocr_par' dir='ltr' id='par_1_20' title="bbox 178 2342 1049 3472">
     <span class='ocr_line' id='line_1_24' title="bbox 261 2342 426 2423; baseline 0 -20"><span class='ocrx_word' id='word_1_148' title='bbox 261 2342 426 2423; x_wconf 72' lang='lat' dir='ltr'>Thybrim!</span> 
     </span>
     <span class='ocr_line' id='line_1_25' title="bbox 178 2424 969 2502; baseline -0.003 -16"><span class='ocrx_word' id='word_1_149' title='bbox 178 2427 292 2486; x_wconf 87' lang='lat' dir='ltr'>dixerat</span> <span class='ocrx_word' id='word_1_150' title='bbox 306 2427 388 2497; x_wconf 86' lang='lat' dir='ltr'>haec,</span> <span class='ocrx_word' id='word_1_151' title='bbox 404 2425 496 2502; x_wconf 87' lang='lat' dir='ltr'>adytis</span> <span class='ocrx_word' id='word_1_152' title='bbox 512 2445 579 2484; x_wconf 89' lang='lat' dir='ltr'>cum</span> <span class='ocrx_word' id='word_1_153' title='bbox 594 2425 723 2484; x_wconf 88' lang='lat' dir='ltr'>lubricus</span> <span class='ocrx_word' id='word_1_154' title='bbox 738 2424 837 2501; x_wconf 84' lang='lat' dir='ltr'>anguis</span> <span class='ocrx_word' id='word_1_155' title='bbox 853 2425 888 2483; x_wconf 90' lang='lat' dir='ltr'>ab</span> <span class='ocrx_word' id='word_1_156' title='bbox 903 2425 969 2484; x_wconf 87' lang='lat' dir='ltr'>imis</span> 
     </span>
     <span class='ocr_line' id='line_1_26' title="bbox 179 2505 926 2593; baseline -0.003 -27"><span class='ocrx_word' id='word_1_157' title='bbox 179 2523 290 2586; x_wconf 88' lang='lat' dir='ltr'>septem</span> <span class='ocrx_word' id='word_1_158' title='bbox 305 2506 407 2583; x_wconf 90' lang='lat' dir='ltr'>ingens</span> <span class='ocrx_word' id='word_1_159' title='bbox 421 2527 513 2584; x_wconf 84' lang='lat' dir='ltr'>gyros,</span> <span class='ocrx_word' id='word_1_160' title='bbox 529 2521 649 2593; x_wconf 89' lang='lat' dir='ltr'>septena</span> <span class='ocrx_word' id='word_1_161' title='bbox 664 2505 813 2565; x_wconf 89' lang='lat' dir='ltr'>volumina</span> <span class='ocrx_word' id='word_1_162' title='bbox 829 2505 926 2579; x_wconf 86' lang='lat' dir='ltr'>traxit,</span> 
     </span>
     <span class='ocr_line' id='line_1_27' title="bbox 180 2586 960 2666; baseline -0.004 -19"><span class='ocrx_word' id='word_1_163' title='bbox 180 2588 329 2666; x_wconf 85' lang='lat' dir='ltr'>amplexus</span> <span class='ocrx_word' id='word_1_164' title='bbox 343 2588 458 2665; x_wconf 88' lang='lat' dir='ltr'>placide</span> <span class='ocrx_word' id='word_1_165' title='bbox 474 2587 630 2660; x_wconf 89' lang='lat' dir='ltr'>tumulum,</span> <span class='ocrx_word' id='word_1_166' title='bbox 645 2586 799 2666; x_wconf 89' lang='lat' dir='ltr'>lapsusque</span> <span class='ocrx_word' id='word_1_167' title='bbox 813 2607 866 2665; x_wconf 93' lang='lat' dir='ltr'>per</span> <span class='ocrx_word' id='word_1_168' title='bbox 880 2607 960 2656; x_wconf 88' lang='lat' dir='ltr'>aras;</span> 
     </span>
     <span class='ocr_line' id='line_1_28' title="bbox 179 2668 905 2744; baseline -0.003 -16"><span class='ocrx_word' id='word_1_169' title='bbox 179 2669 329 2729; x_wconf 88' lang='lat' dir='ltr'>caeruleae</span> <span class='ocrx_word' id='word_1_170' title='bbox 344 2668 391 2727; x_wconf 92' lang='lat' dir='ltr'>cui</span> <span class='ocrx_word' id='word_1_171' title='bbox 407 2684 485 2744; x_wconf 89' lang='lat' dir='ltr'>terga</span> <span class='ocrx_word' id='word_1_172' title='bbox 501 2683 598 2741; x_wconf 89' lang='lat' dir='ltr'>notae,</span> <span class='ocrx_word' id='word_1_173' title='bbox 613 2669 776 2727; x_wconf 89' lang='lat' dir='ltr'>maculosus</span> <span class='ocrx_word' id='word_1_174' title='bbox 792 2684 821 2727; x_wconf 89' lang='lat' dir='ltr'>et</span> <span class='ocrx_word' id='word_1_175' title='bbox 836 2688 905 2728; x_wconf 93' lang='lat' dir='ltr'>auro</span> 
     </span>
     <span class='ocr_line' id='line_1_29' title="bbox 179 2749 946 2828; baseline -0.003 -20"><span class='ocrx_word' id='word_1_176' title='bbox 179 2769 326 2828; x_wconf 87' lang='lat' dir='ltr'>squamam</span> <span class='ocrx_word' id='word_1_177' title='bbox 341 2749 518 2808; x_wconf 88' lang='lat' dir='ltr'>incendebat</span> <span class='ocrx_word' id='word_1_178' title='bbox 533 2750 638 2826; x_wconf 84' lang='lat' dir='ltr'>fulgor,</span> <span class='ocrx_word' id='word_1_179' title='bbox 655 2769 709 2809; x_wconf 91' lang='lat' dir='ltr'>ceu</span> <span class='ocrx_word' id='word_1_180' title='bbox 724 2749 850 2809; x_wconf 90' lang='lat' dir='ltr'>nubibus</span> <span class='ocrx_word' id='word_1_181' title='bbox 865 2769 946 2808; x_wconf 91' lang='lat' dir='ltr'>arcus</span> 
     </span>
     <span class='ocr_line' id='line_1_30' title="bbox 179 2829 841 2890; baseline 0.005 -3"><span class='ocrx_word' id='word_1_182' title='bbox 179 2830 260 2888; x_wconf 90' lang='lat' dir='ltr'>mille</span> <span class='ocrx_word' id='word_1_183' title='bbox 274 2830 344 2888; x_wconf 91' lang='lat' dir='ltr'>iacit</span> <span class='ocrx_word' id='word_1_184' title='bbox 358 2830 450 2888; x_wconf 87' lang='lat' dir='ltr'>varios</span> <span class='ocrx_word' id='word_1_185' title='bbox 466 2829 584 2889; x_wconf 88' lang='lat' dir='ltr'>adverso</span> <span class='ocrx_word' id='word_1_186' title='bbox 600 2831 660 2890; x_wconf 90' lang='lat' dir='ltr'>sole</span> <span class='ocrx_word' id='word_1_187' title='bbox 675 2831 795 2890; x_wconf 86' lang='lat' dir='ltr'>colores.</span> <span class='ocrx_word' id='word_1_188' title='bbox 838 2839 841 2844; x_wconf 84' lang='lat'>&#39;</span> 
     </span>
     <span class='ocr_line' id='line_1_31' title="bbox 179 2910 1049 2988; baseline 0.001 -20"><span class='ocrx_word' id='word_1_189' title='bbox 179 2910 320 2988; x_wconf 88' lang='lat' dir='ltr'>obstipuit</span> <span class='ocrx_word' id='word_1_190' title='bbox 335 2910 396 2970; x_wconf 90' lang='lat' dir='ltr'>visu</span> <span class='ocrx_word' id='word_1_191' title='bbox 411 2912 544 2970; x_wconf 88' lang='lat' dir='ltr'>Aeneas:</span> <span class='ocrx_word' id='word_1_192' title='bbox 566 2911 617 2970; x_wconf 90' lang='lat' dir='ltr'>ille</span> <span class='ocrx_word' id='word_1_193' title='bbox 632 2912 747 2987; x_wconf 88' lang='lat' dir='ltr'>agmine</span> <span class='ocrx_word' id='word_1_194' title='bbox 762 2912 849 2987; x_wconf 93' lang='lat' dir='ltr'>longo</span> <span class='ocrx_word' id='word_1_195' title='bbox 1023 2938 1049 2978; x_wconf 83' lang='lat'>90</span> 
     </span>
     <span class='ocr_line' id='line_1_32' title="bbox 180 2991 902 3070; baseline 0.001 -21"><span class='ocrx_word' id='word_1_196' title='bbox 180 2991 298 3050; x_wconf 90' lang='lat' dir='ltr'>tandem</span> <span class='ocrx_word' id='word_1_197' title='bbox 313 2991 390 3050; x_wconf 88' lang='lat' dir='ltr'>inter</span> <span class='ocrx_word' id='word_1_198' title='bbox 404 3007 516 3070; x_wconf 88' lang='lat' dir='ltr'>pateras</span> <span class='ocrx_word' id='word_1_199' title='bbox 532 3007 561 3050; x_wconf 92' lang='lat' dir='ltr'>et</span> <span class='ocrx_word' id='word_1_200' title='bbox 575 2992 651 3051; x_wconf 90' lang='lat' dir='ltr'>levia</span> <span class='ocrx_word' id='word_1_201' title='bbox 665 2993 771 3070; x_wconf 88' lang='lat' dir='ltr'>pocula</span> <span class='ocrx_word' id='word_1_202' title='bbox 786 3012 902 3070; x_wconf 88' lang='lat' dir='ltr'>serpens</span> 
     </span>
     <span class='ocr_line' id='line_1_33' title="bbox 179 3071 845 3152; baseline 0.003 -24"><span class='ocrx_word' id='word_1_203' title='bbox 179 3071 339 3149; x_wconf 85' lang='lat' dir='ltr'>libavitque</span> <span class='ocrx_word' id='word_1_204' title='bbox 353 3073 450 3150; x_wconf 88' lang='lat' dir='ltr'>dapes,</span> <span class='ocrx_word' id='word_1_205' title='bbox 466 3093 618 3152; x_wconf 89' lang='lat' dir='ltr'>rursusque</span> <span class='ocrx_word' id='word_1_206' title='bbox 633 3072 770 3132; x_wconf 83' lang='lat' dir='ltr'>innoxius</span> <span class='ocrx_word' id='word_1_207' title='bbox 785 3073 845 3131; x_wconf 91' lang='lat' dir='ltr'>imo</span> 
     </span>
     <span class='ocr_line' id='line_1_34' title="bbox 180 3152 858 3232; baseline 0.006 -23"><span class='ocrx_word' id='word_1_208' title='bbox 180 3152 315 3210; x_wconf 87' lang='lat' dir='ltr'>successit</span> <span class='ocrx_word' id='word_1_209' title='bbox 331 3154 453 3225; x_wconf 89' lang='lat' dir='ltr'>tumulo,</span> <span class='ocrx_word' id='word_1_210' title='bbox 469 3168 499 3211; x_wconf 93' lang='lat' dir='ltr'>et</span> <span class='ocrx_word' id='word_1_211' title='bbox 513 3153 631 3232; x_wconf 89' lang='lat' dir='ltr'>depasta</span> <span class='ocrx_word' id='word_1_212' title='bbox 646 3153 746 3212; x_wconf 88' lang='lat' dir='ltr'>altaria</span> <span class='ocrx_word' id='word_1_213' title='bbox 761 3153 858 3231; x_wconf 90' lang='lat' dir='ltr'>liquit.</span> 
     </span>
     <span class='ocr_line' id='line_1_35' title="bbox 179 3232 928 3310; baseline 0.001 -20"><span class='ocrx_word' id='word_1_214' title='bbox 179 3233 235 3291; x_wconf 90' lang='lat' dir='ltr'>hoc</span> <span class='ocrx_word' id='word_1_215' title='bbox 251 3232 339 3308; x_wconf 89' lang='lat' dir='ltr'>magis</span> <span class='ocrx_word' id='word_1_216' title='bbox 354 3232 486 3310; x_wconf 89' lang='lat' dir='ltr'>inceptos</span> <span class='ocrx_word' id='word_1_217' title='bbox 500 3233 625 3310; x_wconf 91' lang='lat' dir='ltr'>genitori</span> <span class='ocrx_word' id='word_1_218' title='bbox 640 3233 781 3292; x_wconf 88' lang='lat' dir='ltr'>instaurat</span> <span class='ocrx_word' id='word_1_219' title='bbox 795 3236 928 3305; x_wconf 88' lang='lat' dir='ltr'>honores,</span> 
     </span>
     <span class='ocr_line' id='line_1_36' title="bbox 179 3312 917 3392; baseline 0.003 -22"><span class='ocrx_word' id='word_1_220' title='bbox 179 3312 317 3385; x_wconf 88' lang='lat' dir='ltr'>incertus,</span> <span class='ocrx_word' id='word_1_221' title='bbox 333 3312 504 3372; x_wconf 87' lang='lat' dir='ltr'>Geniumne</span> <span class='ocrx_word' id='word_1_222' title='bbox 519 3313 576 3372; x_wconf 90' lang='lat' dir='ltr'>loci</span> <span class='ocrx_word' id='word_1_223' title='bbox 592 3313 774 3372; x_wconf 88' lang='lat' dir='ltr'>famulumne</span> <span class='ocrx_word' id='word_1_224' title='bbox 789 3314 917 3392; x_wconf 86' lang='lat' dir='ltr'>parentis</span> 
     </span>
     <span class='ocr_line' id='line_1_37' title="bbox 179 3394 875 3472; baseline 0 -20"><span class='ocrx_word' id='word_1_225' title='bbox 179 3415 239 3453; x_wconf 89' lang='lat' dir='ltr'>esse</span> <span class='ocrx_word' id='word_1_226' title='bbox 253 3407 356 3472; x_wconf 85' lang='lat' dir='ltr'>putet:</span> <span class='ocrx_word' id='word_1_227' title='bbox 379 3394 475 3452; x_wconf 89' lang='lat' dir='ltr'>caedit</span> <span class='ocrx_word' id='word_1_228' title='bbox 489 3394 571 3452; x_wconf 91' lang='lat' dir='ltr'>binas</span> <span class='ocrx_word' id='word_1_229' title='bbox 586 3395 623 3452; x_wconf 94' lang='lat' dir='ltr'>de</span> <span class='ocrx_word' id='word_1_230' title='bbox 638 3413 718 3452; x_wconf 84' lang='lat' dir='ltr'>more</span> <span class='ocrx_word' id='word_1_231' title='bbox 733 3394 875 3466; x_wconf 90' lang='lat' dir='ltr'>bidentes,</span> 
     </span>
    </p>

    <p class='ocr_par' dir='ltr' id='par_1_21' title="bbox 531 3488 658 3551">
     <span class='ocr_line' id='line_1_38' title="bbox 531 3488 658 3551; baseline 0.016 -16"><span class='ocrx_word' id='word_1_232' title='bbox 531 3488 561 3551; x_wconf 85' lang='lat'>89</span> <span class='ocrx_word' id='word_1_233' title='bbox 579 3488 658 3537; x_wconf 87' lang='lat' dir='ltr'>trahit.</span> 
     </span>
    </p>
   </div>
   <div class='ocr_carea' id='block_1_3' title="bbox 0 0 1292 4114">
    <p class='ocr_par' dir='ltr' id='par_1_22' title="bbox 0 0 1292 4114">
     <span class='ocr_line' id='line_1_39' title="bbox 0 0 1292 4114; baseline 0 0"><span class='ocrx_word' id='word_1_234' title='bbox 0 0 1292 4114; x_wconf 95' lang='lat' dir='ltr'> </span> 
     </span>
    </p>
   </div>
  </div>
 </body>
</html>
