2568 4114
430 342 597 392 AENEIDOS
615 344 678 394 LIB.
694 344 733 394 VI

169 472 248 552 quod
262 473 383 536 minime
397 473 475 544 reris,
491 473 582 532 Graia
595 474 735 550 pandetur
749 475 785 534 ab
798 473 886 536 urbe?
963 535 966 540 ,

210 553 314 613 talibus
328 575 364 614 cx
378 555 464 632 adyto
476 553 560 613 dictis
576 553 705 614 Cumaea
720 555 828 631 Sibylla

168 635 324 693 horrendas
337 635 415 696 canit
429 635 560 710 ambages
575 649 715 713 antroque
729 636 862 712 remugit,

168 715 299 773 obscuris
312 735 380 774 vera
393 715 562 784 involvens·
583 736 616 774 ea
631 715 712 774 frena
725 717 833 776 furenti
999 747 1038 776 ιω

168 795 301 854 concutit
315 811 345 857 et
359 795 489 856 stimulos
504 797 557 855 sub
570 811 688 874 pectore
702 797 788 857 vertit
802 797 920 890 Apollo.

167 890 202 934 ut
216 875 343 969 primurn
357 876 441 936 cessit
455 877 545 950 furor,
560 892 589 938 et
603 877 700 936 rabida
713 899 761 936 ora
775 877 921 956 quierunt,

166 955 276 1034 incipit
288 957 403 1016 Aeneas
417 959 523 1018 heros:
546 963 620 1017 ‘non
636 959 696 1018 ulla
710 959 851 1031 laborum,

168 1057 188 1095 o
200 1037 290 1113 virgo,
305 1058 381 1098 nova
394 1058 435 1097 mr
427 1038 561 1098 'facies
553 1039 710 1118 rnopinave
724 1039 831 1114 surgit·
822 1079 832 1110 ,

169 1117 269 1176 omnia
281 1119 416 1197 praecepi
431 1135 518 1197 atque
533 1119 631 1178 animo
645 1139 762 1179 mecum
776 1134 845 1178 ante
857 1117 967 1196 peregi.

170 1217 263 1257 unum
277 1219 347 1258 oro:
362 1198 480 1278 quando
494 1199 542 1259 hic
558 1199 690 1258 inferni
682 1220 769 1258 ranua
782 1199 856 1275 regis

168 1277 278 1338 dicitur
292 1294 322 1338 et
337 1279 488 1338 tenebrosa
501 1280 585 1358 palus
599 1281 767 1340 Acheronte
780 1281 888 1352 refuso,

168 1357 210 1418 ire
225 1359 261 1417 ad
275 1375 466 1438 conspectum
481 1360 539 1418 cari
553 1360 691 1436 genitoris
705 1377 735 1420 et
748 1381 798 1420 ora

169 1439 339 1514 contingat3
359 1440 486 1499 doceas
478 1456 542 1514 ster,
558 1455 588 1500 et
601 1461 679 1500 sacra
693 1441 766 1500 ostia
779 1439 898 1520 pandas.

169 1519 255 1578 illum
270 1539 323 1596 ego
336 1540 388 1598 per
402 1518 531 1580 flammas
546 1536 575 1579 et
590 1520 673 1580 mille
686 1521 838 1600 sequentia
853 1521 913 1583 tela
996 1551 1034 1580 110

170 1599 263 1678 eripur
255 1599 323 1659 'his
338 1600 453 1674 umeris,
469 1601 624 1694 medioque
640 1623 675 1661 ex
689 1603 772 1662 hoste
786 1601 903 1679 recepi,

168 1680 229 1753 ille,
244 1700 343 1740 meum
358 1682 512 1742 comitatus
527 1683 592 1754 iter,
608 1682 698 1742 maria
711 1682 809 1741 omnia
823 1702 940 1742 mecum

168 1777 256 1840 atque
270 1782 371 1820 omnes
384 1761 538 1842 pelagique
553 1762 645 1822 minas
661 1763 793 1841 caelique
806 1762 928 1835 ferebat,

166 1840 365 1915 invalidus,'
338 1863 413 1916 vrres
427 1843 504 1901 ultra
518 1858 682 1920 sortemque
697 1857 840 1902 senectae.

168 1921 251 2001 quin,
267 1937 300 1982 ut
313 1939 344 1982 te
358 1911 480 2002 supplex
493 1939 635 2002 peterem,
650 1937 700 1980 tua
714 1922 817 1982 limina
832 1921 951 1994 adirem,

166 2003 248 2062 idem
261 2024 345 2063 orans
360 2003 495 2062 mandata
509 2004 605 2064 dabat
648 2003 767 2082 natique
780 2003 938 2083 patrisque,

168 2084 254 2156 alma,
267 2104 379 2162 precor,
395 2083 539 2156 miserere,
554 2099 636 2164 potes
652 2102 777 2163 namque
792 2084 900 2156 omnia,
916 2104 971 2144 nec
987 2098 1016 2143 te

167 2163 346 2256 nequiquam
361 2164 433 2223 lucis
449 2163 564 2222 Hecate
577 2163 719 2242 praefecit
732 2164 866 2225 Auernis.

167 2243 190 2302 si
204 2244 302 2321 potuit
317 2245 423 2303 Manes
437 2265 578 2303 arcessere
592 2243 722 2320 coniugis
737 2245 882 2323 Orpheus,

165 2323 308 2384 Threicia
322 2325 412 2383 fretus
428 2325 538 2384 cithara
552 2322 714 2404 fidibusque
729 2345 861 2396 canons,
996 2355 1034 2383 κιο

167 2424 190 2462 sr
181 2403 323 2463 fratrem
339 2405 444 2464 Pollux
459 2406 571 2464 alterna
584 2420 677 2464 morte
690 2404 823 2477 redemit,

167 2483 250 2562 itque
264 2484 439 2563 reditque
412 2504 489 2544 vram
504 2484 723 2564 totiens-quid
739 2485 855 2544 Thesea
869 2504 1017 2562 magnum,

166 2564 239 2644 quid
266 2586 423 2624 memorem
447 2565 574 2624 Alciden
591 2571 682 2624 l-et
709 2565 750 2624 mi
778 2585 868 2642 genus
896 2567 932 2625 ab
961 2567 1032 2624 Iove

247 2645 380 2705 summo?

207 2726 313 2786 talibus
328 2728 426 2786 orabat
441 2727 527 2787 dictis
542 2748 660 2806 arasque
676 2725 793 2786 tenebat
802 2753 813 2798 3

166 2828 235 2867 cum
249 2807 290 2867 sic
304 2829 366 2866 orsa
379 2807 461 2887 loqui
476 2824 574 2868 vates:
590 2813 667 2866 ‘sate
681 2807 820 2882 sanguine
829 2808 943 2880 divom,

167 2889 243 2946 Tros
256 2888 442 2960 Anchisiade,
458 2889 552 2948 facilis
567 2889 720 2947 descensus
734 2889 868 2959 Averno3

166 2985 266 3028 noctes
281 2983 368 3048 atque
383 2969 443 3028 dies
458 2985 539 3047 patet
554 2968 607 3026 atri
622 2969 709 3026 ianua
723 2967 801 3028 Ditis
810 2993 820 3038 3

166 3049 217 3106 sed
230 3070 364 3108 revocare
378 3049 498 3126 gradum
514 3069 686 3127 superasque
702 3048 822 3106 evadere
838 3049 874 3106 ad
888 3069 978 3122 auras,

165 3129 222 3188 hoc
236 3150 318 3208 opus,
332 3129 382 3188 hic
397 3129 478 3188 labor
494 3145 545 3188 est.
587 3129 683 3207 pauci,
698 3149 769 3206 quos
784 3149 891 3222 aequus
906 3129 1013 3188 amavit

166 3209 308 3288 Iuppiter,
323 3225 374 3268 aut
388 3208 490 3268 ardens
506 3210 603 3268 evexit
619 3210 655 3267 ad
670 3212 785 3268 aethera
799 3209 899 3282 virtus,
993 3237 1031 3278 κιο

158 3289 208 3348 'dis
222 3289 315 3368 geniti
328 3304 459 3368 potuere
502 3304 605 3349 tenent
621 3289 716 3347 media
730 3291 828 3348 omnia
843 3291 939 3365 silvae,

289 3399 333 3450 109
349 3385 492 3448 contingam.
528 3396 571 3449 115
589 3391 613 3432 et
624 3391 672 3433 tua.
708 3384 752 3432 126
769 3388 866 3434 Avernt.
