2562 4114
272 395 319 446 340
544 381 571 428 P.
589 377 732 427 VERGILI
749 377 906 428 MARONIS

310 508 413 570 infelix
429 507 504 584 fugit
518 507 548 566 in
563 506 659 565 iaculo
672 505 811 564 stridente
826 505 960 567 Camilla.

310 605 339 648 at
355 589 503 660 Metabus,
517 608 619 664 magna
633 587 750 666 propius
764 586 821 646 iam
836 603 975 680 urguente
990 603 1120 661 caterva,

310 671 360 729 dat
373 690 434 730 sese
448 669 546 740 fluvio,
562 684 649 746 atque
663 671 773 728 hastam
788 688 855 727 cum
870 668 979 744 virgine
993 669 1091 728 victor

311 751 458 830 gramineo
473 751 583 808 donum
599 749 717 807 Triviae
731 749 768 807 de
782 748 908 826 caespite
922 749 1013 809 vellit.

311 852 370 891 non
385 831 470 890 illum
484 829 569 888 tectis
585 830 672 924 ullae,
687 850 746 888 non
761 829 913 888 moenibus
928 830 1010 889 urbes

311 931 457 990 accepere,
473 930 568 989 neque
583 911 643 987 ipse
659 930 760 970 manus
775 910 888 969 feritate
903 910 1046 982 dedisset,

310 1008 458 1071 pastorum
472 1007 502 1050 et
516 991 583 1050 solis
598 991 694 1067 exegit
709 991 856 1050 montibus
870 1011 981 1050 aevum.

311 1074 359 1132 hic
375 1089 471 1132 natam
485 1073 516 1130 in
531 1071 648 1130 dumis
640 1087 774 1150 rnterque
788 1070 932 1130 horrentia
946 1073 1035 1131 lustra

312 1154 475 1213 armentalis
490 1173 581 1231 equae
595 1153 729 1212 mammis
744 1168 773 1212 et
788 1153 864 1211 lacte
878 1152 972 1210 ferino

311 1234 449 1305 nutribat,
465 1233 571 1292 teneris
585 1233 749 1308 inmulgens
764 1232 852 1292 ubera
865 1233 958 1292 labris.

312 1330 402 1408 utque
417 1315 525 1392 pedum
538 1313 639 1392 primis
655 1314 749 1372 infans
764 1313 882 1390 vestigia
895 1313 1001 1391 plantis

311 1395 463 1466 institerat,
477 1395 572 1453 iaculo
586 1396 695 1472 palmas
710 1394 830 1454 armavit
843 1411 938 1467 acuto,

311 1440 477 1567 spiculaque
492 1495 528 1534 ex
543 1495 644 1534 umero
658 1495 760 1554 parvae
774 1475 924 1553 suspendit
938 1489 966 1534 et
981 1495 1090 1534 arcum

310 1576 362 1633 pro
376 1554 476 1614 crinali
492 1575 568 1647 auro,
584 1576 636 1632 pro
651 1556 753 1631 longae
768 1555 894 1631 tegmine
908 1556 1009 1634 pallae,

311 1635 419 1710 tigridis
435 1635 554 1694 exuviae
568 1656 619 1713 per
633 1637 750 1694 dorsum
765 1657 781 1695 a
794 1635 902 1695 vertice
916 1636 1055 1728 pendent

311 1717 368 1775 tela
381 1736 470 1774 manu
485 1715 541 1774 iam
556 1731 618 1774 tum
634 1732 733 1774 tenera
747 1717 868 1794 puerilia
883 1717 975 1788 torsit,

312 1811 340 1856 et
355 1797 475 1856 fundam
491 1797 574 1855 tereti
590 1797 700 1855 circum
717 1813 803 1876 caput
817 1797 875 1873 egit
889 1798 1009 1867 habena,

312 1878 564 1955 Strymoniamque
578 1898 677 1954 gruem
693 1894 743 1937 aut
758 1879 855 1936 album
870 1877 976 1936 deiecit
990 1879 1114 1938 olorem.
1143 1895 1181 1946 580

310 1959 419 2018 multae
433 1959 513 2017 illam
528 1959 631 2016 frustra
646 1959 797 2034 Tyrrhena
811 1979 861 2036 per
875 1958 980 2036 oppida
992 1973 1099 2017 matres

310 2055 444 2116 optavere
458 2059 583 2109 nurum;
605 2039 663 2097 sola
678 2054 815 2098 contenta
830 2038 934 2110 Diana,

309 2134 460 2177 aeternum
475 2083 599 2177 teloruin
615 2134 645 2177 et
660 2119 830 2196 virginitatis
845 2139 970 2178 amorem

309 2199 480 2258 intemerata
494 2199 575 2272 colit.
618 2200 723 2258 vellem
738 2200 815 2259 haud
829 2215 961 2279 correpta
976 2199 1078 2260 fuisset

310 2278 414 2337 militia
429 2279 490 2350 tali,
506 2295 608 2339 conata
624 2280 761 2338 lacessere
780 2280 933 2352 Teucros,

310 2359 459 2418 caremihi
475 2361 675 2439 comitumque
691 2361 766 2419 foret
780 2381 859 2420 nunc
876 2380 933 2420 una
946 2380 1087 2421 mearum.

308 2459 408 2499 verum
423 2461 483 2517 age,
498 2441 734 2520 quandoquidem
750 2442 814 2500 fatis
831 2457 969 2518 urguetur
982 2441 1102 2513 acerbis,

309 2520 412 2593 labere,
428 2521 576 2598 Nympha,
591 2523 670 2600 polo,
689 2523 817 2600 finesque
832 2522 924 2582 invise
938 2522 1067 2595 Latinos,

309 2600 396 2660 tristis
411 2601 461 2660 ubi
476 2601 603 2660 infausto
620 2603 816 2662 committitur
830 2603 927 2663 omine
941 2623 1047 2681 pugna.

308 2683 379 2740 haec
394 2702 473 2760 cape,
486 2697 515 2741 et
530 2682 666 2742 ultricem
680 2686 812 2762 pharetra
825 2684 963 2763 deprome
974 2684 1108 2760 sagittam
1123 2707 1179 2755 2⁵⁹⁰

308 2763 372 2835 hac,
387 2763 564 2841 quicumque
580 2784 692 2823 sacrum
707 2765 822 2824 violarit
836 2765 956 2824 vulnere
971 2785 1086 2842 corpus,

309 2842 384 2902 Tros
400 2844 535 2915 Italusue,
551 2844 625 2902 mihi
641 2845 746 2922 pariter
760 2847 810 2904 det
825 2845 962 2922 sanguine
976 2865 1093 2923 poenas.

307 2939 372 3000 post
387 2944 440 3000 ego
454 2925 532 2983 nube
549 2946 617 2984 cava
632 2926 809 2986 miserandae
825 2947 928 3005 corpus
944 2941 972 2984 et
986 2945 1065 2984 arma

308 3003 460 3081 inspoliata
474 3006 563 3064 feram
579 3007 701 3078 tumulo,
717 3007 883 3085 patriaeque
897 3006 1055 3084 reponam’

308 3082 405 3155 dixit,
426 3101 455 3146 at
469 3086 520 3144 illa
534 3086 611 3145 leves
626 3053 701 3145 caeli
715 3087 828 3164 delapsa
841 3107 892 3164 per
905 3108 985 3147 auras

308 3163 447 3238 insonuit,
463 3167 545 3244 nigro
559 3166 735 3227 circumdata
750 3167 865 3227 turbine
880 3187 993 3246 corpus.

348 3260 377 3305 at
390 3265 492 3306 manus
507 3248 618 3306 interea
631 3249 720 3307 muris
736 3248 863 3307 Troiana
876 3249 1053 3342 propinquat

307 3326 478 3405 Etruscique
493 3327 580 3386 duces
596 3329 784 3407 equitumque
799 3329 943 3388 exercitus
956 3329 1061 3399 omnis,

342 3431 387 3482 574
405 3420 509 3468 oneravit
521 3419 585 3470 Serv.
664 3433 709 3484 592
727 3422 851 3484 Italusque.
927 3433 973 3486 595
992 3421 1097 3472 demnas.
