2556 4116
253 352 281 398 16

522 351 551 399 P.
568 349 711 398 VERGILI
730 350 887 400 MARONIS

288 483 385 541 Aonas
399 481 430 540 in
446 497 557 539 montes
574 497 606 539 ut
620 481 736 540 duxerit
751 502 809 540 una
823 503 959 552 sororum,

289 579 378 642 utque
393 563 454 621 viro
470 562 580 621 Phoebi
596 564 699 620 chorus
715 563 905 622 adsurrexerit
919 564 1035 634 omnis;

289 660 321 703 ut
335 644 426 702 Linus
441 645 512 702 haec
528 643 571 702 illi
587 643 686 701 divino
701 643 829 702 carmine
843 659 938 722 pastor

288 723 405 783 floribus
420 740 505 803 atque
520 725 585 802 apio
600 725 694 783 crines
709 741 825 783 ornatus
840 745 934 782 amaro

288 805 413 865 dixerit:
437 807 505 864 ‘hos
521 805 573 863 tibi
589 806 660 864 dant
674 806 807 876 calamos,
823 826 860 864 en
875 806 984 883 accipe,
1001 808 1116 878 Musae,

288 889 413 946 Ascraeo
428 907 498 966 quos
514 901 580 945 ante
596 886 667 958 seni,
683 887 787 965 quibus
802 887 852 945 ille
868 887 974 945 solebat

289 968 433 1026 cantando
447 968 548 1042 rigidas
563 967 708 1026 deducere
724 967 870 1025 montibus
885 989 978 1026 ornos.

287 1049 332 1108 his
348 1049 400 1106 tibi
416 1049 529 1124 Grynei
544 1049 669 1107 nemoris
686 1049 798 1108 dicatur
812 1048 898 1124 origo,

288 1151 325 1188 ne
340 1130 403 1207 quis
418 1129 453 1188 sit
468 1131 559 1201 lucus,
575 1151 633 1208 quo
649 1151 676 1188 se
692 1129 757 1206 plus
772 1129 859 1187 iactet
872 1129 997 1207 Apollo!

289 1211 359 1289 quid
374 1212 484 1288 loquar,
500 1227 548 1270 aut
565 1211 692 1287 Scyllam
708 1210 785 1282 Nisi,
799 1231 886 1289 quam
901 1211 976 1268 fama
990 1225 1086 1269 secuta
1099 1227 1141 1269 est

288 1291 410 1350 candida
424 1291 604 1350 succinctam
620 1291 789 1350 latrantibus
804 1290 922 1366 inguina
937 1291 1068 1350 monstris

289 1371 440 1431 Dulichias
455 1392 572 1430 vexasse
588 1388 660 1431 rates
676 1388 705 1430 et
720 1372 831 1448 gurgite
847 1372 877 1430 in
893 1372 950 1430 alto

289 1474 313 1525 a,
330 1452 443 1510 timidos
460 1469 558 1511 nautas
575 1453 695 1512 canibus
711 1453 847 1511 lacerasse
862 1452 979 1511 marinis
993 1476 1000 1511 :

289 1549 338 1592 aut
354 1548 386 1591 ut
400 1549 524 1592 mutatos
540 1533 630 1592 Terei
647 1533 805 1592 narraverit
819 1550 904 1605 artus,

289 1635 358 1692 quas
372 1614 416 1672 illi
433 1614 595 1673 Philomela
610 1615 706 1708 dapes,
722 1636 793 1693 quae
808 1615 884 1673 dona
897 1614 1009 1692 pararit,

289 1715 347 1772 quo
362 1715 445 1753 cursu
461 1695 571 1754 deserta
586 1696 730 1772 petiverit,
747 1712 775 1754 et
790 1696 893 1774 quibus
908 1712 974 1754 ante

290 1775 392 1834 infelix
408 1797 456 1835 sua
472 1792 547 1835 tecta
562 1777 809 1854 supervolitaverit
824 1777 896 1835 alis.

291 1857 398 1927 omnia,
414 1878 486 1936 quae
504 1859 622 1916 Phoebo
637 1858 782 1936 quondam
797 1857 955 1916 meditante
970 1857 1068 1914 beatus

291 1937 381 1994 audiit
397 1938 516 1996 Eurotas
532 1938 671 2016 iussitque
687 1939 812 1997 ediscere
828 1939 928 2008 lauros,

290 2018 340 2075 ille
356 2018 575 2096 canit—pulsae
589 2020 719 2077 referunt
734 2020 770 2078 ad
784 2019 874 2077 sidera
889 2019 1018 2077 valles-

291 2119 393 2174 cogere
408 2099 501 2157 donec
516 2119 583 2157 oves
597 2100 715 2158 stabulis
730 2119 941 2178 numerumque
956 2098 1053 2156 referri

291 2179 373 2238 iussit
387 2194 416 2238 et
430 2179 523 2238 invito
537 2181 674 2257 processit
688 2181 800 2259 Vesper
814 2181 953 2258 Olympo.

580 2463 751 2522 ECLOGA
772 2463 834 2520 VII

611 2594 802 2642 strumosus

479 2712 630 2759 Mrusoros.
664 2711 788 2758 Corvoou.
823 2710 935 2758 anssrs.

336 2825 381 2884 Μ
404 2827 501 2885 Foars
515 2827 567 2884 sub
582 2842 679 2902 arguta
694 2827 861 2885 consederat
876 2827 943 2885 ilice
958 2828 1101 2920 Daphnis,

292 2907 550 2988 compulerantque
564 2927 662 2983 greges
678 2907 814 2984 Corydon
830 2923 859 2966 et
876 2908 1019 2984 Thyrsis
1011 2929 1041 2966 rn
1058 2928 1158 2980 unum,

292 2985 412 3061 Thyrsis
427 3009 502 3058 oves,
519 2986 657 3065 Corydon
673 2988 807 3046 distentas
823 2989 897 3046 lacte
912 2989 1045 3066 capellas,

291 3066 375 3124 ambo
391 3066 523 3126 florentes
539 3068 685 3139 aetatibus,
701 3070 824 3128 Arcades
839 3069 932 3139 ambo,

292 3163 320 3204 et
335 3163 449 3206 cantare
465 3171 544 3228 pares
560 3166 588 3209 et
603 3151 774 3227 respondere
789 3151 887 3228 parati.

290 3229 348 3286 huc
364 3229 445 3302 mihi,
460 3230 531 3289 dum
546 3245 657 3290 teneras
673 3231 797 3290 defendo
811 3253 827 3288 a
840 3231 944 3307 frigore
959 3247 1072 3308 myrtos,

290 3309 335 3367 vir
348 3311 438 3385 gregis
454 3309 516 3388 ipse
531 3331 616 3390 caper
630 3312 817 3383 deerraverat,
832 3328 918 3390 atque
933 3333 986 3388 ego
1000 3310 1150 3388 Daphnim

562 3419 594 3467 74
610 3415 645 3455 ut.
712 3407 741 3470 85
760 3407 851 3456 referre.
