2556 4116
230 312 260 359 14
504 299 530 345 n
548 295 691 343 vincul
709 295 866 344 Minoum

313 428 373 486 Mo.
395 442 423 485 at
432 442 463 487 tu
474 445 554 483 sume
563 425 683 503 pedum,
692 424 779 503 quod,
789 444 835 482 me
845 445 913 483 cum
923 445 1007 502 saepe
1016 439 1136 501 rogaret,

269 529 328 566 non
343 509 411 566 tulit
425 507 656 583 Antigenes-et
671 519 731 564 erat
746 521 808 563 tum
822 505 925 581 dignus
941 505 1071 564 amari-

270 589 428 648 formosum
443 588 557 666 paribus
573 586 656 645 nodis
671 602 757 664 atque
773 607 845 658 aere,
862 587 1010 646 Menalca.
1111 616 1139 656 90

563 833 734 894 ECLOGA
755 834 801 892 VI

624 965 739 1014 VARUS

270 1085 369 1143 Prunrs
385 1082 534 1162 Syracosio
546 1082 664 1158 dignata
677 1097 718 1140 est
732 1081 831 1140 ludere
845 1100 927 1140 versu

268 1181 363 1223 nostra
378 1185 472 1242 neque
487 1163 603 1222 erubuit
617 1163 699 1220 silvas
713 1162 840 1220 habitare
856 1161 983 1220 Thalia
975 1206 984 1233 ,

268 1266 336 1305 cum
352 1264 485 1302 canerem
499 1264 578 1319 reges
594 1259 622 1301 et
636 1242 752 1320 proelia,
770 1241 915 1318 Cynthius
929 1249 1027 1302 aurem

267 1325 350 1383 vellit
364 1340 393 1382 et
408 1324 578 1383 admonuit:
602 1330 771 1401 ‘pastorem
788 1322 1036 1400 Tityre,'p1ngues

268 1425 382 1484 pascere
397 1420 510 1482 oportet
524 1425 599 1475 oves,
615 1403 774 1462 deductum
789 1403 884 1462 dicere
899 1405 1032 1468 carmen?

268 1506 347 1546 nunc
363 1505 581 1562 ego—namque
593 1505 676 1562 super
691 1483 742 1542 tibi
758 1500 843 1543 erunt
857 1505 906 1563 qur
899 1484 1015 1544 'dicere
1029 1485 1135 1556 laudes,

268 1569 353 1636 Vare‚
370 1582 430 1625 tuas
445 1565 566 1658 cupiant
580 1580 609 1623 et
624 1565 714 1624 tristia
729 1565 853 1624 condere
868 1565 986 1624 bella—

268 1664 406 1740 agrestem
421 1663 501 1706 tenui
495 1645 677 1706 meditabor
691 1646 852 1706 harundine
869 1647 994 1706 Musam.
1176 1691 1179 1698 .

267 1749 326 1787 non
341 1728 446 1786 iniussa
461 1749 543 1788 cano.
586 1727 608 1786 si
623 1726 685 1806 quis
700 1745 796 1786 tamen
811 1729 882 1786 haec
897 1748 1049 1820 quoque,
1036 1729 1058 1786 si
1073 1728 1137 1807 quis

268 1827 367 1886 captus
382 1829 476 1867 amore
491 1809 578 1884 leget,
593 1825 621 1866 te
637 1824 757 1878 nostrae,
774 1808 859 1878 Vare,
874 1808 1010 1884 myricae,
1112 1840 1138 1867 ιο

268 1906 412 1949 tenemus
428 1910 513 1948 omne
530 1906 639 1960 canet;
661 1911 715 1949 nec
732 1889 849 1948 Phoebo
863 1889 966 1964 gratior
981 1890 1107 1962 ullaest,
1263 1931 1264 1962 ,

267 1991 353 2050 quam
368 1970 420 2028 sibi
436 1991 507 2048 quae
524 1969 593 2028 Vari
609 1970 788 2048 praescripsit
802 1970 904 2048 pagina
918 1991 1035 2030 nomen.

309 2050 426 2129 pergite,
444 2051 581 2110 Pierides.
625 2051 758 2110 Chromis
774 2067 803 2110 et
819 2051 979 2128 Mnasyllos
994 2053 1025 2111 iu
1040 2068 1122 2110 antro

268 2131 400 2191 Silenum
414 2131 496 2210 pueri
511 2151 611 2190 somno
626 2132 723 2192 videre
738 2133 891 2204 iacentem,
1263 2131 1264 2198 l

267 2212 400 2272 inflatum
414 2213 549 2272 hesterno
563 2233 660 2285 venas,
676 2231 708 2274 ut
722 2225 844 2292 semper,
858 2214 965 2273 Iaccho
979 2236 986 2274 :
1263 2199 1264 2232 ¹

267 2310 339 2352 serta
353 2294 454 2370 procul
470 2310 584 2354 tantum
600 2295 686 2372 capiti
702 2295 816 2370 delapsa
830 2295 971 2365 iacebant,

267 2391 296 2433 et
310 2374 400 2450 gravis
415 2375 510 2434 attrita
525 2376 670 2452 pendebat
686 2377 835 2434 cantharus
851 2395 926 2434 ansa.

266 2455 496 2530 adgressi-nam
512 2477 593 2533 saepe
609 2476 695 2514 senex
711 2476 760 2532 spe
775 2454 908 2513 carminis
923 2455 1007 2513 ambo

266 2536 539 2596 luserat-iniciunt
554 2537 621 2613 ipsis
636 2557 672 2594 ex
687 2535 804 2594 vincula
818 2535 907 2594 sertis.

267 2617 344 2676 addit
359 2639 387 2676 se
402 2618 507 2676 sociam
523 2617 688 2694 timidisque
704 2615 868 2692 supervenit
881 2617 982 2692 Aegle,
1112 2647 1137 2674 ω

266 2699 366 2772 Aegle,
383 2698 530 2757 Naiadum
545 2697 749 2776 pulcherrima,
763 2697 878 2776 iamque
893 2697 1004 2756 videnti

267 2778 428 2852 sanguineis
443 2780 570 2837 frontem
586 2777 670 2835 moris
686 2794 714 2836 et
729 2793 858 2856 tempora
871 2777 973 2854 pingit.

268 2857 317 2915 ille
331 2858 431 2916 dolum
446 2860 540 2918 ridens
556 2865 631 2937 ‘quo
646 2859 763 2918 vincula
778 2859 892 2918 nectitis
904 2859 931 2916 i'
952 2859 1057 2937 inquit.

248 2939 368 2996 ‘solvite
383 2959 440 3010 me,
455 2940 558 3016 pueri3
580 2939 644 2998 satis
659 2956 701 3000 est
715 2939 840 3017 potuisse
854 2939 955 2998 videri.

268 3019 395 3076 carmina
409 3041 481 3097 quae
497 3021 583 3078 vultis
598 3020 784 3095 cognoscite,
776 3045 783 3058 ·
806 3021 934 3080 carmina
948 3021 1035 3089 vobis,

266 3099 335 3156 huic
351 3099 430 3158 aliud
444 3102 584 3160 mercedis
599 3099 670 3160 erit?
713 3101 819 3160 simul
812 3101 916 3178 incipit
930 3100 999 3178 ipse.

268 3194 330 3237 tum
346 3180 458 3238 veroin
474 3202 628 3242 numerum
643 3183 819 3276 Faunosque
827 3182 956 3261 ferasque
971 3181 1080 3240 videres

267 3260 377 3331 ludere,
392 3276 455 3319 tum
470 3262 570 3336 rigidas
586 3281 693 3322 motare
709 3263 860 3322 cacumina
874 3283 1015 3341 quercus.

267 3359 322 3399 nec
338 3355 451 3401 tantum
468 3343 585 3402 Phoebo
599 3345 703 3419 gaudet
719 3344 850 3403 Parnasia
863 3365 958 3421 rupes,
