2562 4114
282 339 329 402 με
555 337 582 385 r.
600 334 742 384 vuaortr
761 335 917 382 nnaours

321 469 352 527 in
368 465 471 525 faciem
485 466 610 537 Aeneae,
626 465 688 523 visu
704 463 834 522 mirabile
849 477 1019 534 monstrum,

320 547 472 608 Dardaniis
486 563 569 606 ornat
584 546 657 615 telis,
673 545 859 622 clipeumque
874 544 1009 622 iubasque

321 629 412 688 divini
428 627 578 687 adsimulat
593 626 714 704 capitis;
735 626 785 685 dat
799 625 895 684 inania
910 625 1013 695 verba;

321 710 369 769 dat
383 710 444 768 sine
459 724 556 768 mente
572 727 685 778 sonum,
700 727 865 786 gressusque
880 705 988 781 effingit
1002 707 1116 765 euntis:
1154 723 1189 773 ⁶40
1244 737 1245 744 κ

323 806 413 849 morte
428 789 506 848 obita
519 789 617 866 quales
633 789 708 846 fama
723 803 765 847 est
779 787 897 846 volitare
912 787 1022 863 figuras,

322 887 371 931 aut
385 891 458 949 quae
472 869 577 947 sopitos
593 869 736 928 deludunt
751 868 861 926 somnia
874 887 978 926 sensus.

323 969 351 1011 at
366 952 469 1028 primas
484 951 558 1008 laeta
572 965 638 1008 ante
654 949 729 1008 acies
744 949 866 1008 exsultat
879 949 982 1024 imago,

323 1034 478 1110 inritatque
492 1029 587 1090 virum
602 1031 667 1089 telis
681 1047 710 1089 et
726 1049 796 1088 voce
811 1029 930 1088 lacessit.

323 1115 409 1172 instat
424 1111 471 1171 cui
487 1111 617 1183 Turnus,
633 1110 859 1189 stridentemque
873 1109 984 1168 eminus
998 1111 1110 1168 hastam

323 1193 431 1254 conicit
439 1217 449 1260 3
470 1191 521 1250 illa
534 1192 600 1251 dato
614 1190 702 1250 vertit
715 1191 833 1267 vestigia
847 1207 934 1266 tergo.

324 1291 386 1334 tum
400 1295 468 1333 vero
481 1274 602 1332 Aenean
618 1291 747 1332 aversum
763 1287 794 1330 ut
808 1271 910 1330 cedere
924 1271 1045 1330 Turnus

325 1354 456 1424 credidit,
472 1369 558 1431 atque
572 1354 670 1412 animo
684 1372 763 1430 spem
777 1352 908 1412 turbidus
921 1351 1015 1411 hausit
1028 1352 1160 1410 inanem:

303 1443 382 1514 ‘quo
396 1434 479 1510 fugis,
493 1434 612 1492 Aenea?
634 1435 772 1492 thalamos
786 1453 823 1492 ne
836 1434 935 1492 desere
950 1447 1065 1510 pactos;

324 1519 377 1575 hac
392 1514 506 1573 dabitur
520 1514 620 1572 dextra
634 1514 720 1572 tellus
735 1513 862 1592 quaesita
875 1534 926 1592 per
941 1511 1048 1572 undas.'
1155 1529 1188 1578 ⁶50

325 1596 392 1657 talia
405 1594 563 1653 vociferans
577 1595 715 1672 sequitur,
732 1595 920 1673 strictumque
935 1610 1065 1652 coruscat

326 1695 496 1736 mucronem
505 1699 515 1746 ς
536 1695 590 1734 nec
606 1675 680 1733 ferre
697 1675 775 1734 videt
790 1697 839 1734 sua
851 1674 953 1752 gaudia
966 1689 1078 1734 ventos.
1128 1687 1131 1696 ’

326 1759 398 1816 forte
412 1756 478 1815 ratia
492 1755 562 1816 celsi
577 1756 734 1815 coniuncta
748 1756 894 1834 crepidine
909 1755 968 1814 saxi

326 1837 460 1916 expositis
475 1837 564 1896 stabat
579 1837 663 1896 scalis
677 1853 706 1896 et
720 1853 810 1915 ponte
825 1853 931 1914 parato,

326 1941 382 1998 qua
396 1939 445 1976 rex
462 1917 591 1977 Clusinis
606 1918 741 1977 advectus
757 1918 875 1977 Osinius
889 1917 952 1976 oris.

326 2002 384 2059 huc
401 2020 458 2057 sese
473 1998 582 2076 trepida
597 2000 713 2057 Aeneae
729 1999 865 2075 fugientis
880 1998 974 2074 imago

328 2080 437 2140 conicit
451 2079 482 2137 in
497 2079 636 2146 latebras;
658 2099 712 2138 nec
727 2079 848 2138 Turnus
862 2079 976 2156 segnior
989 2079 1086 2148 instat,

328 2175 535 2238 exsuperatque
551 2180 652 2230 moras,
667 2176 696 2219 et
709 2175 811 2237 pontes
826 2160 949 2218 transilit
963 2160 1044 2218 altos.

328 2242 375 2300 vix
390 2260 503 2318 proram
518 2241 667 2317 attigerat:
690 2241 799 2318 rumpit
814 2241 948 2300 Saturnia
962 2241 1072 2310 funem,

329 2323 510 2400 avolsamque
526 2322 599 2399 rapit
613 2322 742 2380 revoluta
755 2342 806 2398 per
820 2341 942 2399 aequora
956 2341 1071 2378 navem.
1160 2335 1193 2377 ⁶⁶0

328 2403 413 2462 illum
427 2418 523 2462 autem
537 2403 650 2460 Aeneas
664 2402 811 2461 absentem
825 2401 856 2459 in
871 2401 981 2480 proelia
995 2401 1087 2478 poscit
1099 2425 1108 2470 ;

329 2483 412 2542 obvia
427 2484 518 2542 multa
531 2483 625 2541 virum
639 2482 765 2542 demittit
780 2503 898 2559 corpora
911 2482 1007 2541 morti.

330 2580 392 2623 tum
407 2563 477 2621 levis
491 2563 567 2622 haud
582 2564 657 2622 ultra
672 2563 792 2622 latebras
806 2563 863 2623 iam
878 2563 988 2642 quaerit
1001 2562 1106 2638 imago,

330 2644 379 2704 sed
393 2643 516 2702 sublime
531 2645 628 2703 volans
644 2644 715 2703 nubi
731 2664 759 2702 se
774 2643 923 2704 inmiscuit
937 2659 1021 2716 atrae,

331 2746 399 2784 cum
413 2725 552 2784 Turnum
566 2725 661 2784 medio
675 2725 785 2784 interea
798 2726 855 2785 fert
869 2744 990 2803 aequore
1006 2724 1101 2782 turbo.

331 2806 447 2884 respicit
461 2805 574 2883 ignarus
588 2825 685 2864 rerum
699 2805 882 2885 ingratusque
897 2805 1004 2876 salutis,

332 2903 360 2946 et
375 2886 506 2964 duplices
519 2907 588 2945 cum
601 2907 672 2946 voce
687 2905 788 2947 manus
802 2888 838 2946 ad
851 2887 941 2944 sidera
955 2885 1068 2945 tendit:

312 2968 514 3045 ‘omnipotens
529 2968 662 3039 Genitor,
678 2983 779 3027 tanton
793 2988 840 3027 me
854 2967 978 3027 crimine
992 2966 1118 3041 dignum

331 3048 447 3118 duxisti,
463 3063 493 3108 et
507 3049 576 3107 tales
590 3048 705 3108 voluisti
721 3049 884 3126 expendere
898 3051 1023 3127 poenas?
1246 3107 1247 3110 ,

332 3149 390 3206 quo
401 3129 496 3188 feror?
515 3130 592 3189 unde
603 3129 680 3188 abiit
699 3149 771 3208 quae
782 3149 829 3188 me
844 3129 920 3203 fuga,
931 3147 1054 3207 quemve
1070 3127 1202 3187 reducit?

333 3209 528 3269 Laurentesne
543 3211 649 3271 iterum
665 3230 759 3270 muros
773 3225 822 3270 aut
836 3225 927 3268 castra
940 3209 1064 3267 videbo?
1168 3225 1203 3277 ομ

332 3290 403 3368 quid
417 3309 517 3350 manus
532 3291 582 3350 illa
595 3292 698 3364 virum,
713 3289 763 3370 qui
779 3311 825 3350 me
840 3311 960 3370 meaque
975 3309 1052 3348 arma
1068 3289 1185 3350 secuti?

587 3385 631 3432 661
652 3385 699 3434 ille.
766 3383 812 3432 668
831 3393 905 3434 tanto.
