2568 4114
262 359 309 409 228
533 358 560 407 P.
578 357 720 406 VERGILI
738 357 896 406 MARONIS

305 489 479 561 Fabricium,
494 489 541 547 vel
557 504 586 547 te
601 487 692 560 sulco,
708 487 837 559 Serrane,
853 493 1015 546 serentem?

304 591 363 650 quo
377 570 485 628 fessum
498 569 607 647 rapitis,
623 567 725 626 Fabii?
766 583 797 626 tu
814 567 963 627 Maximus
978 569 1029 627 ille
1045 589 1083 639 es,

304 672 379 710 unus
393 650 444 730 qui
460 651 542 709 nobis
558 649 724 708 cunctando
738 648 864 707 restituis
878 669 949 708 rem.

305 732 452 791 excudent
467 731 516 789 alii
532 729 668 809 spirantia
683 729 800 788 mollius
815 750 888 799 aera,

304 813 391 872 credo
405 813 552 892 equidem,
566 811 646 870 vivos
660 811 771 869 ducent
784 811 821 868 de
836 830 976 869 marmore
990 811 1097 883 vultus,

305 893 428 953 orabunt
442 913 540 952 causas
554 892 668 963 melius,
683 891 816 969 caelique
831 907 941 951 meatus

305 975 470 1034 describent
483 973 573 1045 radio,
590 988 618 1031 et
633 972 776 1048 surgentia
791 971 883 1030 sidera
897 972 1015 1031 dicent:
1134 990 1173 1040 850

305 1071 337 1114 tu
351 1075 448 1132 regere
463 1054 584 1132 imperio
599 1053 731 1131 populos,
747 1053 888 1122 Romane,
903 1068 1093 1112 memento-

304 1137 360 1195 hae
374 1136 428 1195 tibi
444 1150 529 1194 crunt
544 1133 795 1212 artes-pacisque
809 1134 948 1211 inponere
964 1153 1083 1205 morem,

304 1237 422 1295 parcere
436 1215 572 1275 subiectis
588 1231 617 1273 et
631 1214 777 1273 debellare
792 1211 945 1291 superbos?

345 1297 386 1356 sic
401 1313 484 1374 pater
496 1295 649 1368 Anchises,
665 1311 752 1374 atque
766 1296 838 1353 haec
853 1295 1022 1353 mirantibus
1037 1293 1137 1352 addit:

285 1378 410 1455 ‘aspice
425 1392 458 1435 ut
472 1377 591 1452 insignis
607 1376 705 1454 spoliis
722 1375 881 1434 Marcellus
895 1375 999 1453 opimis

304 1458 473 1534 ingreditur,
488 1458 638 1536 victorque
653 1457 729 1515 viros
743 1455 937 1534 supereminet
951 1455 1067 1515 omnes!

304 1539 429 1598 hierem
445 1539 617 1607 Romanam,
633 1557 737 1612 magno
753 1537 887 1595 turbante
902 1537 1041 1607 tumultu,

305 1619 396 1691 sistet,
411 1638 499 1697 eques
513 1633 622 1676 sternet
637 1617 748 1676 Poenos
765 1617 945 1696 Gallumque
958 1617 1108 1688 rebellem,

305 1700 447 1778 tertiaque
462 1718 539 1758 arma
552 1697 627 1776 patri
642 1698 798 1776 suspendet
812 1713 895 1776 capta
911 1697 1054 1776 Qririno?

305 1795 392 1859 atque
407 1781 454 1839 hic
469 1782 591 1850 Aeneas,
607 1799 664 1839 una
678 1799 804 1858 namque
818 1778 859 1838 ire
873 1777 990 1837 videbat
1134 1796 1173 1837 sto

304 1861 450 1938 egregium
465 1861 556 1920 forma
570 1861 707 1920 iuvenem
723 1877 751 1920 et
766 1859 945 1935 fulgentibus
959 1859 1054 1930 armis,

305 1941 356 2002 sed
369 1943 447 2000 frons
462 1942 536 2000 laeta
551 1961 660 2020 parum,
676 1951 705 2000 et
719 1940 833 1999 deiecto
847 1940 959 1998 lumina
972 1941 1074 1998 vultu:

286 2023 378 2101 ‘quia
392 2038 482 2099 pater,
497 2022 558 2095 ille,
572 2022 666 2081 virum
680 2022 730 2100 qui
746 2021 786 2080 sic
801 2021 955 2080 comitatur
969 2025 1110 2080 euntem?

305 2103 391 2175 filius,
406 2123 481 2160 anne
496 2102 600 2182 aliquis
615 2123 718 2180 magna
731 2102 767 2160 de
782 2102 869 2181 stirpe
884 2106 1043 2180 nepotum?

304 2184 355 2262 qui
370 2183 504 2262 strepitus
515 2184 591 2242 circa
603 2183 760 2243 comitum!
783 2198 925 2262 quantum
939 2183 1028 2242 instar
1041 2183 1073 2242 in
1088 2183 1168 2262 ipso!

305 2263 356 2322 scd
369 2285 428 2322 nox
442 2279 502 2322 atra
517 2279 604 2341 caput
619 2264 691 2322 tristi
707 2264 897 2323 circumvolat
912 2264 1029 2322 umbra?

305 2359 368 2404 tum
382 2360 464 2422 pater
477 2345 619 2404 Anchises
634 2344 759 2402 lacrimis
774 2344 914 2420 ingressus
929 2345 1053 2404 obortis:

285 2431 323 2484 ‘o
337 2440 414 2497 nate,
429 2425 578 2501 ingentem
592 2425 706 2484 luctum
721 2445 758 2485 ne
773 2445 878 2504 quaere
893 2441 1016 2485 tuorum.

304 2508 459 2566 ostendent
472 2505 553 2565 terris
566 2507 646 2564 hunc
662 2521 775 2565 tantum
790 2503 858 2578 fata,
873 2527 968 2586 neque
982 2506 1056 2566 ultra

304 2606 365 2645 esse
379 2587 485 2646 sinent.
527 2585 651 2645 nimium
666 2586 747 2645 vobis
762 2587 893 2646 Romana
907 2585 1032 2665 propago
1133 2604 1172 2656 ⁸70

304 2667 364 2726 visa
377 2683 490 2744 potens,
506 2667 610 2745 superi,
625 2667 739 2745 propria
754 2669 825 2726 haec
840 2667 862 2727 si
878 2668 954 2726 dona
968 2667 1101 2727 fuissent.

303 2763 426 2826 quantos
441 2747 492 2806 ille
507 2747 600 2805 virum
614 2767 748 2823 magnam
764 2748 906 2807 Mavortis
920 2748 956 2806 ad
971 2749 1072 2807 urbem

305 2827 434 2906 Campus
448 2843 513 2904 aget
526 2827 667 2904 gemitus!
691 2829 737 2886 vel
753 2849 836 2907 quac,
852 2828 1003 2900 Tiberine,
1018 2829 1132 2888 videbis

303 2908 415 2980 funera,
430 2929 497 2968 cum
512 2907 659 2967 tumulum
673 2909 884 2987 praeterlabere
897 2909 1063 2969 recentem!

304 3009 359 3048 nec
372 3009 445 3067 puer
459 2989 548 3048 Iliaca
562 2989 714 3069 quisquam
728 2989 765 3048 de
779 3005 866 3066 gente
880 2990 1000 3049 Latinos

303 3069 335 3128 in
350 3084 464 3128 tantum
479 3091 529 3148 spe
544 3070 630 3129 tollet
645 3091 729 3142 avos3
750 3091 805 3130 nec
821 3071 946 3130 Romula
961 3071 1108 3150 quondam

304 3149 366 3207 ullo
381 3171 411 3209 se
425 3165 539 3210 tanturn
554 3151 641 3210 tellus
656 3151 775 3210 iactabit
790 3151 918 3211 alumno.

302 3231 361 3289 heu
376 3229 477 3306 pietas,
492 3233 549 3290 heu
564 3232 657 3308 prisea
671 3231 751 3305 fides,
766 3227 933 3310 invictaqire
948 3232 1027 3290 bello

303 3310 439 3370 dextera!
463 3331 522 3371 non
537 3312 580 3370 illi
597 3332 625 3371 se
641 3312 792 3391 quisquam
807 3312 918 3390 inpune
933 3311 1046 3372 tulisset

538 3404 584 3468 852
602 3405 651 3466 paci
662 3404 722 3455 codd.
756 3404 892 3468 prensam.
