2558 4112
252 435 297 468 100
526 419 553 467 P.
570 419 714 468 VERGILI
731 419 889 468 MARONIS

292 552 348 610 boc
364 547 499 629 equidem
513 568 645 607 occasum
661 548 766 606 Troiae
781 548 930 627 tristesque
944 550 1039 608 ruinas

293 631 401 690 solabar
416 629 479 689 fatis
494 629 634 688 contraria
648 629 704 688 fata
718 630 877 707 rependens
889 653 899 698 ;
1056 691 1059 698 ,

265 778 267 784 ,
293 733 372 771 nunc
389 711 489 770 eadem
504 711 618 769 fortuna
632 710 706 768 viros
721 725 764 769 tot
778 710 888 769 casibus
902 727 979 770 actos
1122 743 1159 784 240

292 792 463 871 insequitur.
504 812 592 869 quern
606 792 654 849 das
669 791 768 863 linem,
782 811 833 849 rex
848 810 959 866 magne,
974 793 1127 854 laborum?

292 876 424 933 Antenor
439 873 533 950 potuit
548 872 648 930 mediis
664 873 773 950 elapsus
787 871 907 930 Achivis

291 954 423 1031 Illyricos
438 969 587 1031 penetrare
602 953 680 1011 sinus
695 967 779 1032 atque
794 953 897 1011 intima
910 968 988 1012 tutus

291 1056 378 1112 regna
392 1034 589 1092 Liburnorum
604 1049 633 1092 et
648 1034 759 1092 fontem
774 1054 904 1112 superare
919 1034 1048 1106 Timavi,

292 1117 368 1175 unde
383 1137 433 1193 per
448 1136 495 1172 ora
509 1135 615 1173 novem
630 1129 709 1172 vasto
723 1135 791 1173 cum
805 1134 952 1173 murmure
967 1115 1072 1174 montis

291 1197 313 1256 it
328 1217 404 1255 mare
418 1212 588 1277 proruptum
605 1211 633 1254 et
648 1197 749 1272 pelago
761 1196 867 1274 premit
881 1216 947 1254 arva
960 1196 1082 1256 sonanti.

291 1278 338 1336 hic
354 1293 449 1336 tamen
464 1277 514 1335 ille
531 1277 631 1335 urbem
649 1277 744 1335 Patavi
760 1277 894 1355 sedesque
910 1276 1016 1336 locavit

291 1359 482 1428 Teucrorum,
498 1373 527 1416 et
541 1358 620 1434 genti
637 1377 744 1416 nomen
758 1357 838 1416 dedit
852 1378 985 1435 armaque
1000 1357 1063 1416 fixit

292 1440 390 1508 Tro'r'a,
406 1458 484 1497 nunc
499 1439 612 1516 placida
629 1453 792 1518 compostus
806 1459 877 1518 pace
892 1438 1032 1518 quiescit:

290 1541 350 1590 nos,
366 1534 415 1578 tua
428 1519 586 1596 progenies,
604 1519 675 1578 caeli
691 1519 794 1597 quibus
808 1519 907 1578 adnuis
922 1539 1025 1590 arcem,
1122 1549 1161 1587 250

290 1599 605 1659 navibus—infandum
620 1600 787 1671 l-amissis,
802 1600 886 1658 unius
900 1601 936 1658 ob
950 1600 1021 1658 iram

290 1681 438 1760 prodimur
452 1695 537 1759 atque
552 1680 633 1739 Italis
649 1681 735 1757 longe
750 1680 938 1756 disiungimur
951 1681 1015 1740 oris.

290 1763 337 1821 hic
352 1761 464 1839 pietatis
479 1764 593 1820 honos?
637 1761 675 1820 sic
693 1781 743 1820 nos
757 1762 788 1820 in
804 1777 914 1840 sceptra
926 1761 1077 1838 reponis?'

330 1843 381 1902 olli
396 1842 544 1901 subridens
559 1842 715 1901 hominum
729 1858 803 1902 sator
816 1857 900 1922 atque
914 1842 1032 1901 deorum

290 1924 381 1994 vultu,
396 1945 454 2001 quo
469 1925 582 1982 caelum
598 1939 837 2002 tempestatesque
851 1939 970 1994 serenat,

290 2006 388 2064 oscula
402 2005 504 2062 libavit
519 2020 610 2074 natae,
628 2005 734 2064 dehinc
749 2005 815 2064 talia
829 2005 924 2063 fatur:

270 2093 373 2163 ‘parce
388 2101 476 2156 metu,
493 2085 661 2160 Cytherea:
682 2101 801 2144 manent
815 2086 923 2144 inmota
938 2101 1054 2144 tuorum

289 2166 347 2225 fata
361 2166 413 2224 tibi
426 2189 436 2236 3
457 2186 556 2224 cernes
572 2167 673 2225 urbem
688 2183 717 2226 et
732 2166 866 2245 promissa
879 2165 983 2224 Lavini

290 2246 411 2318 moenia,
427 2246 639 2326 sublimemque
655 2249 728 2306 feres
743 2247 778 2306 ad
792 2247 883 2305 sidera
897 2247 969 2306 caeli

289 2327 506 2404 magnanimum
520 2329 641 2401 Aenean
655 2354 664 2400 ς
687 2348 781 2408 neque
795 2348 843 2388 me
858 2327 999 2388 sententia
1012 2327 1108 2386 vertit.

288 2409 338 2467 hic
366 2408 557 2468 tibi-fabor
586 2410 675 2481 enirn,
704 2410 819 2490 quando
851 2411 921 2468 haec
956 2425 986 2468 te
1018 2430 1087 2468 cura
1114 2429 1158 2466 re-

370 2491 493 2562 mordet,
1121 2508 1157 2548 πάι

288 2571 401 2646 longius
415 2587 444 2630 et
458 2572 578 2630 volvens
593 2573 717 2630 fatorum
733 2591 835 2630 arcana
847 2570 1010 2630 movebo-

287 2650 399 2710 bellum
414 2652 514 2728 ingens
530 2668 610 2729 geret
625 2653 709 2711 Italia
724 2654 901 2732 populosque
917 2653 1026 2712 feroces

288 2733 458 2804 contundet,
473 2752 622 2812 moresque
637 2733 705 2792 viris
719 2749 748 2792 et
762 2734 876 2793 moenia
890 2751 988 2811 ponet,

288 2812 371 2872 tertia
384 2813 454 2872 dum
469 2813 553 2871 Latio
569 2831 738 2890 regnantem
753 2815 857 2874 viderit
872 2831 960 2873 aestas

288 2907 424 2972 ternaque
436 2894 605 2953 transierint
621 2896 739 2954 Rutulis
752 2896 872 2955 hiberna
885 2895 1019 2955 subactis.

289 2988 316 3031 at
330 2995 402 3051 puer
415 2975 566 3047 Ascanius,
582 2976 629 3035 cui
646 2997 725 3035 nunc
741 2997 901 3053 cognomen
916 2977 982 3035 Iulo

288 3053 502 3115 additur—Ilus
517 3072 587 3128 erat,
602 3057 672 3116 dum
686 3078 730 3116 res
745 3047 893 3117 stetii'Ilia
906 3077 1037 3134 regno-

288 3134 404 3210 triginta
418 3158 535 3214 magnos
551 3139 697 3208 volvendis
713 3139 859 3197 mensibus
873 3139 954 3200 orbes

288 3213 410 3292 imperio
424 3219 563 3296 explebit,
579 3225 757 3298 regnumque
772 3219 808 3278 ab
821 3219 887 3278 sede
902 3219 1006 3278 Lavini
1121 3246 1160 3286 270

287 3297 449 3370 transferet,
463 3316 492 3359 et
508 3300 622 3376 longam
638 3301 729 3359 multa
742 3299 770 3356 vi
783 3300 898 3380 muniet
911 3300 1027 3370 Albam.

287 3376 334 3434 hic
350 3377 407 3436 iam
422 3395 465 3437 ter
482 3395 599 3439 centum
614 3395 688 3440 totos
702 3380 866 3457 regnabitur
880 3401 969 3440 annos

287 3474 373 3534 gente
389 3459 442 3519 sub
457 3460 612 3533 Hectorea,
627 3462 718 3527 donec
734 3461 831 3538 regina
846 3461 973 3520 sacerdos
