2556 4116
413 344 616 393 GEORGICON
633 346 697 394 LIB.
714 345 753 394 111
1005 349 1035 396 ⁶1

168 474 286 550 frigidus
301 481 333 532 ln
348 474 495 532 Venerem
511 473 612 545 senior,
628 475 788 552 frustraque
803 475 930 534 laborem

168 556 311 631 ingratum
327 555 422 625 trahit,
439 571 478 626 et,
492 576 515 612 ιι
507 555 644 634 quando
659 555 694 613 ad
708 555 815 634 proelia
830 573 949 616 ventum
965 574 1015 630 est,

168 635 382 730 utquondam
375 656 405 694 ιιι
421 636 571 730 stipulis
546 656 665 730 magnus
681 636 741 694 sine
757 636 885 695 viribus
878 639 959 713 rgnis,

167 695 309 776 incassum
323 716 402 776 furit
445 736 512 792 ergo
526 717 635 775 animo's
651 736 811 796 aevumque
813 717 938 777 notabis
999 750 1038 780 ιω

167 797 341 876 praecipue3
362 797 432 856 hinc
449 798 514 856 alias
530 813 600 856 artes
614 798 783 877 prolemque
798 816 949 876 parentum

167 878 272 957 etquis
287 878 393 956 cuique
408 878 490 937 dolor
504 879 592 950 victo,
607 900 678 972 quac
693 879 782 954 gloria
796 881 916 957 palmae.

167 980 265 1018 nonne
278 959 367 1032 vides,
383 980 451 1019 cum
465 959 615 1037 praecipiti
632 961 789 1018 certamine
805 981 940 1039 campum

167 1041 327 1118 corripuere
341 1057 488 1118 ruuntque
503 1041 583 1098 effusi
599 1060 711 1100 carcere
726 1062 834 1112 currus,

167 1142 234 1180 cum
248 1142 310 1200 spes
324 1137 456 1182 arrectae
453 1119 615 1214 iuvenum,
629 1113 855 1212 exsultantiaque
870 1123 966 1183 haurit

167 1203 251 1261 corda
264 1223 350 1281 pavor
363 1191 502 1281 pulsans?
522 1188 588 1259 illi'
580 1218 689 1262 1nstant
703 1200 822 1262 ve'rbere
837 1219 912 1262 torto

167 1299 194 1341 et
207 1304 290 1362 prom
282 1282 375 1343 dant
389 1284 459 1355 lora,
474 1280 592 1355 yolat
566 1303 593 1340 vr
609 1283 734 1342 fervidus
750 1284 829 1355 axis3

166 1364 278 1443 iamque
292 1364 451 1436 humiles,
443 1380 558 1443 lamque
573 1345 645 1423 elati
656 1365 779 1424 sublime
794 1365 930 1424 videntur

166 1455 225 1503 aera
240 1465 429 1522 pervacuum
444 1445 511 1504 ferri
526 1462 611 1524 atque
627 1446 798 1520 adsurgere
791 1467 821 1504 ιιι
837 1468 938 1515 auras3

164 1546 218 1584 nec
234 1547 314 1584 mora
327 1547 382 1586 nec
397 1547 508 1604 requies
521 1552 531 1598 ;
553 1542 581 1585 at
595 1526 690 1585 fulvae
705 1527 820 1585 nimbus
832 1529 954 1586 harenae
997 1559 1034 1587 110

164 1607 284 1678 tollitur,
300 1623 453 1667 umescunt
468 1606 574 1686 spumis
589 1607 716 1686 flatuque
731 1625 903 1686 sequentum
918 1631 924 1667 ι

164 1703 258 1747 tantus
273 1709 351 1748 amor
366 1689 493 1759 laudum,
510 1704 605 1748 tantae
621 1704 662 1747 est
677 1689 797 1748 victoria
811 1709 907 1748 curae.

163 1770 270 1863 primus
285 1768 491 1828 Erichthonius
507 1789 607 1828 currus
621 1786 650 1828 et
665 1785 799 1862 quattuor
814 1790 894 1827 ausus

163 1851 281 1927 iungere
296 1872 391 1941 equos,
406 1849 586 1950 rapidusque
591 1850 659 1908 rotis
674 1849 802 1908 insistere
817 1850 917 1909 victor.

163 1931 244 1990 frena
259 1929 437 1990 Pelethronii
453 1927 593 2024 Lapithae
607 1951 745 2010 gyrosque
759 1931 863 1989 dedere

162 2011 278 2089 inpositi
292 2014 376 2072 dorso
391 2029 477 2092 atque
493 2013 620 2091 equitem
634 2012 758 2071 docuere
774 2013 826 2070 sub
841 2012 925 2070 armis

163 2093 300 2152 insultare
315 2095 374 2152 solo
389 2111 418 2154 et
432 2114 540 2170 gressus
554 2095 711 2170 glomerare
725 2094 870 2173 superbos.

163 2195 268 2253 aequus
283 2191 403 2254 uterque
418 2176 505 2245 labor,
521 2196 618 2268 aeque.
625 2175 817 2252 iuvenemque
832 2174 958 2251 magistri

162 2255 320 2333 exquirunt
334 2257 516 2336 calidumque
532 2255 632 2314 animis
648 2272 677 2314 et
691 2255 819 2313 cursibus
834 2276 937 2325 acrem,

162 2336 290 2415 quamvis
305 2358 388 2415 saepe
404 2339 471 2413 fuga
484 2357 576 2396 versos
591 2336 641 2395 ille
657 2335 746 2412 egerit
760 2337 853 2393 hostes
996 2365 1034 2392 ιω

164 2433 193 2475 et
204 2417 326 2494 patriam
341 2419 463 2511 Epirum
478 2418 582 2476 referat
597 2418 740 2495 fortesque
757 2417 898 2491 Mycenas

163 2498 376 2591 Neptunique'
369 2520 429 2577 ipsa
443 2499 567 2557 deducat
581 2497 691 2574 origine
707 2511 833 2572 gentem.

202 2579 246 2637 his
262 2579 486 2638 animadversis'
478 2595 586 2638 1nstant
601 2579 654 2636 sub
668 2594 781 2655 tempus
796 2593 825 2635 et
839 2596 937 2635 omnes

163 2658 327 2737 inpendunt
342 2681 424 2720 curas
438 2662 526 2719 denso
541 2658 747 2718 distendere
708 2678 833 2750 tprngm,

183 2761 249 2799 uem
265 2742 358 2816 legere
373 2742 479 2800 ducem
494 2757 523 2800 et
536 2762 635 2820 pecori
627 2725 749 2798 dixere
764 2755 920 2798 maritum:

163 2763 355 2902 lorentesque
369 2838 467 2881 secant
482 2823 581 2880 herbas
597 2820 755 2899 fluviosque
770 2820 934 2879 ministrant

163 2904 302 2996 farraque,
317 2923 354 2962 ne
369 2903 475 2962 blando
489 2919 613 2983 nequeat
628 2923 772 2980 superesse
786 2901 876 2959 labori
916 2925 931 2943 ··

163 2981 340 3076 invalidique
354 3000 469 3062 patrum
483 2984 630 3042 referant'
622 2983 732 3040 ieiunia
746 2981 815 3042 nati.

163 3062 222 3140 ipsa
236 3082 332 3124 autern
348 3065 439 3124 macie
455 3080 576 3124 tenuant
590 3080 718 3122 armenta
731 3063 867 3133 volentes,

164 3160 257 3223 atque,
274 3147 323 3205 ubi
339 3146 511 3206 concubitus
525 3145 631 3223 primos
646 3145 702 3202 iam
718 3159 786 3202 nota
800 3145 930 3222 voluptas
996 3171 1034 3210 130

164 3226 307 3298 sollicitat,
323 3227 494 3307 frondesque
510 3242 617 3302 negant
632 3242 662 3284 et
676 3226 804 3284 fontibus
819 3241 926 3284 arcent.

164 3326 246 3384 saepe
262 3307 348 3367 etiam
362 3329 447 3369 cursu
462 3307 596 3387 quatiunt
611 3323 640 3364 et
655 3307 712 3366 sole
727 3307 855 3381 fatigant,

267 3413 311 3464 125
330 3403 416 3464 pecoris
434 3439 440 3452 .
458 3437 465 3454 .
483 3439 489 3453 .
507 3402 652 3463 magistrum.
722 3415 767 3463 130
785 3403 899 3448 voluntas.
