2568 4114
431 367 598 417 AENEIDOS
615 368 679 418 LIB.
696 372 723 418 V

167 518 237 558 ecce
250 498 322 556 deus
336 517 448 556 ramum
462 498 592 557 Lethaeo
606 519 667 557 rore
682 499 850 559 madentem

167 577 254 657 vique
269 594 434 657 soporatum
450 579 547 656 Stygia
561 600 646 658 super
660 595 782 659 utraque
796 597 909 660 quassat

167 677 308 737 tempora,
323 659 534 738 cunctantique
549 660 677 720 natantia
691 661 802 721 lumina
816 663 910 722 solvit.

167 740 217 799 vix
230 739 338 818 primos
353 740 471 818 inopina
485 740 567 820 quies
582 741 725 802 laxaverat
739 757 836 802 artus:

168 836 197 880 et
212 841 297 899 super
311 820 483 880 incumbens
497 842 566 881 cum
601 823 685 902 uppis
699 838 779 901 parte
793 826 905 884 revulsa

168 921 294 980 cumque
308 901 484 995 gubernaclo
497 843 619 982 liquilis
633 903 755 982 proiecit
769 904 800 963 isi
816 905 906 964 undas

167 998 367 1061 praecipitem,
376 1003 409 1043 ac
421 1003 513 1042 socios
524 1003 703 1063 nequiquam
714 1005 797 1063 saepe
807 1002 980 1046 vocantem
995 1003 1033 1046 uso

167 1064 228 1143 ipse
243 1064 342 1123 volans
358 1077 459 1122 tenues
474 1084 503 1123 se
519 1064 635 1124 sustulit
649 1066 707 1124 ales
721 1064 758 1124 ad
773 1086 861 1126 auras.

168 1145 259 1204 currit
273 1144 330 1203 iter
344 1160 441 1205 tutum
456 1165 516 1204 non
532 1145 620 1204 setius
635 1165 759 1224 aequore
773 1147 879 1218 classis,

167 1225 311 1305 promissis
334 1246 370 1285 ue
384 1225 471 1304 patris
487 1226 622 1304 Neptuni
637 1226 768 1286 interrita
782 1225 884 1287 fertur.

167 1307 283 1386 iamque
298 1247 371 1366 aieo
385 1307 517 1384 scopulos
532 1307 666 1366 Sirenum
682 1306 801 1368 advecta
814 1308 938 1380 subibat,

167 1386 298 1448 difficiles
313 1387 468 1467 quondam,
484 1389 701 1468 multorumque
715 1388 823 1448 ossibus
838 1389 936 1460 albos3

169 1483 232 1527 tum
246 1488 331 1527 rauca
346 1467 467 1528 adsiduo
482 1469 566 1546 longe
581 1469 639 1528 sale
654 1489 718 1534 saxa
733 1471 884 1547 sonabant,

169 1569 237 1608 cum
251 1565 331 1627 pater
346 1549 449 1611 smisso
462 1548 627 1609 fluitantem
641 1571 734 1614 errare
748 1550 883 1627 magistro

168 1629 267 1702 sensit,
282 1644 312 1688 et
326 1629 385 1708 ipse
399 1646 492 1689 ratem
506 1631 657 1690 nocturnis
671 1631 747 1692 rexit
761 1631 792 1690 in
808 1631 903 1706 undis,

168 1711 261 1770 mults
274 1730 401 1787 gemens,
417 1732 542 1790 casuque
557 1711 688 1771 animum
702 1732 858 1772 concussus
872 1712 956 1778 amici
971 1735 980 1774 ι

150 1795 186 1850 ‘o
200 1790 326 1854 nimium
341 1791 422 1852 caelo
436 1807 465 1852 et
478 1793 582 1870 pelago
596 1793 701 1853 confise
716 1813 826 1866 sereno,
995 1813 1035 1864 870

154 1873 266 1933 -uudus
279 1872 311 1934 in
325 1871 431 1950 ignota,
448 1872 593 1950 Palinure,
608 1871 715 1934 iacebis
729 1875 837 1940 harena
849 1874 855 1934 !
869 1876 875 1901 ’
