2558 4112
413 356 580 406 AENEIDOS
597 357 661 406 LIB.
677 359 703 406 11

140 486 273 564 respicio,
289 500 319 543 et
333 503 405 565 quae
420 485 456 544 sit
471 505 518 544 me
532 486 642 547 circum
657 488 739 566 copia
753 488 852 551 lustro.

140 568 291 627 deseruere
306 586 406 624 omnes
420 567 532 638 defessi,
548 584 577 627 et
591 589 707 647 corpora
721 571 794 629 saltu

141 649 177 708 ad
192 665 295 708 terram
311 647 413 706 misere
428 664 477 707 aut
491 647 605 725 ignibus
619 669 702 726 aegra
716 652 830 712 dedere.

182 730 298 806 iamque
312 728 384 787 adeo
398 749 482 807 super
497 749 570 788 unus
584 751 670 803 eram,
686 753 754 791 cum
768 731 870 792 limina
883 734 987 794 Vestae

142 825 303 869 servantem
319 825 348 868 et
362 810 478 869 tacitam
493 827 602 870 secreta
615 811 646 871 in
661 813 728 871 sede
742 813 881 873 latentem

143 890 311 968 Tyndarida
325 890 431 967 aspicio
443 915 453 962 ς
474 891 543 951 dant
558 893 633 952 clara
647 893 782 953 incendia
796 893 893 955 lu'eem

142 971 249 1030 erranti
263 971 425 1050 passimque
440 973 538 1032 oculos
552 995 604 1051 per
618 973 724 1035 'cuncta
738 975 852 1035 ferenti.
975 1007 1015 1046 ⁵70

140 1053 193 1111 illa
207 1051 260 1110 sibi
276 1051 393 1110 infestos
408 1073 505 1112 eversa
518 1054 556 1113 ob
572 1054 707 1149 Pergama
722 1056 862 1150 Teucros,

141 1149 171 1192 et
184 1153 290 1211 poenas
305 1133 440 1192 Danaum
455 1151 485 1193 et
498 1135 601 1194 deserti
617 1136 744 1212 coniugis
760 1137 814 1195 iras

141 1230 353 1291 praemetuens,
370 1214 476 1273 Troiae
491 1232 519 1274 et
520 1216 640 1309 patriae
655 1217 817 1276 communis
832 1217 946 1296 Erinys,

142 1295 289 1354 abdiderat
304 1315 373 1366 sese,
389 1312 473 1389 atque
488 1296 540 1356 aris
555 1297 646 1356 invisa
659 1298 783 1358 sedebat.

141 1397 271 1434 exarsere
286 1375 365 1469 ignes
381 1377 500 1449 anim03
520 1377 619 1438 subit
611 1399 652 1437 rra
665 1378 816 1438 cadentem

143 1457 245 1515 ulcisci
259 1457 390 1535 patriam,
406 1473 436 1517 et
450 1459 597 1518 sceleratas
611 1480 723 1518 sumere
737 1481 862 1538 poenas:

124 1537 255 1596 ‘scilicet
268 1539 339 1596 haec
356 1538 483 1616 Spartam
497 1538 650 1598 incolumis
665 1540 824 1621 patriasque
839 1542 980 1618 Mycenas

143 1617 269 1711 aspiciet,
284 1634 423 1698 partoque
437 1619 490 1679 ibit
504 1621 601 1697 regina
615 1622 785 1699 triumpho?

143 1699 370 1777 coniugiumque
384 1699 560 1779 domumque
574 1717 666 1778 patres
681 1718 818 1795 natosque
832 1701 951 1772 videbit,

143 1779 270 1838 Iliadum
284 1778 369 1839 turba
383 1796 412 1839 et
428 1781 556 1857 Phrygiis
570 1782 705 1840 comitata
719 1782 873 1841 ministris?
977 1799 1015 1850 εει

144 1859 283 1918 occiderit
296 1861 372 1919 ferro
387 1861 536 1920 Priamus?
577 1861 667 1920 Troia
681 1863 779 1922 arserit
795 1863 878 1938 igni?

144 1941 324 2000 Dardanium
339 1941 423 2000 toties
438 1941 543 2000 sudarit
558 1943 694 2018 sanguine
709 1943 798 2002 litus?

145 2042 202 2080 non
218 2021 267 2081 ita.
309 2043 442 2102 namque,
459 2023 511 2082 etsi
527 2024 642 2082 nullum
657 2022 842 2084 memorabile
857 2044 965 2083 nomen

146 2103 271 2162 feminea
285 2103 315 2161 in
330 2123 423 2181 poena
438 2120 480 2162 est
494 2123 549 2162 nec
565 2104 652 2164 habet
666 2105 785 2164 victoria
799 2105 923 2176 laudern,

146 2183 312 2242 exstinxisse
327 2185 406 2242 nefas
422 2201 519 2244 tamen
535 2200 564 2244 et
578 2185 728 2262 sumpsisse
743 2202 885 2246 merentes

145 2263 280 2323 laudabor
294 2285 408 2342 poenas,
425 2265 611 2359 animumque
626 2265 754 2343 explesse
769 2266 878 2326 iuvabit

69 2363 74 2376 ·
146 2345 255 2403 ultricis
270 2344 412 2417 flammae,
427 2362 456 2405 et
471 2346 581 2405 cineres
596 2345 707 2405 satiasse
723 2345 873 2406 meorum!

145 2426 212 2484 talia
226 2425 377 2497 iactabatu,
392 2442 421 2485 et
436 2426 539 2486 furiata
553 2443 653 2486 mente
669 2427 789 2499 ferebar,

145 2526 213 2564 curn
228 2506 299 2564 mihi
314 2527 353 2578 se,
369 2527 428 2566 non
444 2525 510 2567 ante
526 2509 617 2568 oculis
632 2525 691 2568 tam
706 2510 790 2579 clara,
805 2507 959 2567 videndam

144 2587 261 2658 obtulit,
276 2603 306 2646 et
320 2608 390 2666 pura
404 2609 455 2666 per
470 2606 587 2649 noctem
603 2589 634 2647 in
648 2590 715 2648 luce
729 2588 840 2648 refulsit
979 2616 1017 2657 ⁵90

143 2669 220 2726 alma
234 2688 343 2746 parens,
360 2669 488 2728 confessa
503 2670 597 2742 deam,
612 2669 759 2749 qualisque
773 2668 863 2727 videri
924 2727 928 2738 ,

142 2748 289 2807 caelicolis
303 2766 333 2808 et
347 2767 453 2828 quanta
467 2751 561 2823 solet,
582 2751 739 2830 dextraque
753 2752 927 2829 prehensum

142 2829 302 2900 continuit,
317 2851 453 2910 roseoque
467 2832 562 2892 haec
555 2853 672 2910 insuper
687 2832 795 2890 addidit
808 2852 878 2890 ore:

122 2918 221 2980 ‘nate,
238 2910 300 2989 quis
314 2911 466 2972 indomitas
481 2929 575 2973 tantus
591 2914 672 2972 dolor
687 2912 794 2972 excitat
807 2913 883 2970 iras?

141 2990 217 3069 quid
231 2991 324 3050 furis?
345 3009 393 3052 aut
408 3015 533 3073 quonam
549 2995 637 3054 nostri
652 2993 705 3053 tibi
720 3014 788 3052 cura
801 2993 939 3052 recessit?

139 3092 204 3130 non
221 3071 298 3148 prius
314 3074 442 3150 aspicies,
457 3077 507 3135 ubi
523 3077 627 3136 fessum
643 3071 735 3134 aetate
749 3091 897 3153 parentem

139 3151 264 3231 liqueris
278 3154 451 3215 Anchisen?
472 3173 585 3236 superet
600 3157 768 3216 coniunxne
784 3155 901 3227 Creusa,

136 3233 343 3312 Ascaniusque
357 3242 451 3314 puer?
472 3259 541 3316 quos
556 3258 655 3297 omnes
672 3238 799 3317 undique
815 3236 920 3296 Graiae

137 3315 354 3374 circumerrant
368 3317 453 3388 acies,
468 3335 506 3390 et,
522 3318 553 3376 ni
568 3339 632 3378 mea
646 3339 713 3376 cura
727 3319 847 3390 resistat,

143 3409 211 3473 567-
214 3407 260 3472 588
278 3410 548 3478 omittuntcodicesoprimr'.
583 3412 629 3475 585
646 3413 765 3463 metentis.
801 3411 847 3475 587
864 3411 961 3458 famam.
