2562 4114
278 345 325 394 282
550 341 578 391 P.
594 339 737 388 VERGlLl
755 341 912 388 MARONIS

318 474 459 552 Euryalus
473 496 481 534 ι
504 477 568 532 ‘me
583 474 665 532 nulls
678 473 740 531 dies
755 486 815 531 tam
828 472 951 532 fortibus
965 474 1039 532 ausis

317 556 487 615 dissimilem
502 555 649 631 arguerit3
669 569 782 613 tautum
797 553 914 612 fortuna
928 555 1055 614 secunda

316 637 395 697 haud
410 636 527 695 adversa
542 636 635 695 cadat.
677 635 728 694 sed
741 651 770 696 te
785 635 982 712 superomnia
997 635 1074 694 dona

318 738 409 778 unum
423 738 495 776 oro:
516 717 648 793 genetrix
665 715 770 775 Priami
785 714 822 774 de
837 731 924 792 gente
938 732 1050 776 vetusta

319 814 359 857 est
373 799 455 868 mihi,
472 817 558 876 quam
572 798 704 856 miseram
718 797 813 855 tenuit
827 817 888 855 nou
903 797 959 855 Ilia
974 798 1061 856 tellus

318 899 433 939 mecum
448 878 651 950 excedentem,
666 898 725 936 uon
740 877 855 936 moenia
870 877 943 953 regis
957 880 1091 937 Acestae.

317 964 394 1020 hanc
410 980 463 1035 ego
474 979 555 1018 nunc
569 959 696 1034 ignaram
706 958 792 1017 huius
803 958 1008 1038 quodcumque
1022 958 1124 1037 pericli
1139 975 1177 1019 est

317 1043 407 1120 inque
422 1041 574 1099 salutatam
589 1040 712 1118 linquo;
734 1060 793 1097 uox
808 1052 838 1098 et
853 1054 902 1098 tua
916 1040 996 1098 testis

318 1123 445 1194 dextera,
460 1121 539 1200 quod
553 1141 696 1214 nequeam
711 1119 843 1179 lacrimas
857 1120 984 1198 perferre
998 1120 1135 1198 parentis.
1261 1193 1262 1202 ἵ

318 1220 347 1262 at
361 1219 403 1275 tu,
418 1224 479 1274 oro,
494 1202 606 1260 solare
598 1221 717 1280 inopem
734 1215 763 1259 et
777 1220 911 1260 succurre
925 1200 1055 1260 relictae
1144 1201 1178 1272 roo
1261 1245 1262 1276 3

317 1283 429 1344 hanc'
409 1304 471 1343 stne
485 1303 533 1342 me
548 1302 628 1390 spem
643 1283 717 1340 ferre
733 1279 796 1341 tui:
819 1282 971 1344 audentior
985 1282 1034 1346 ibo
1261 1277 1262 1284 '

318 1365 348 1422 in
364 1384 444 1422 casus
458 1362 577 1424 omnes?
618 1383 751 1441 percussa
764 1378 863 1422 mente
877 1363 984 1422 dedere

318 1442 504 1504 Dardanidae
519 1443 651 1502 lacrimas
664 1468 674 1515 3
695 1458 763 1502 ante
778 1463 878 1502 omnes
892 1444 1016 1521 pulcher
1031 1444 1122 1517 Iulus,

319 1541 405 1604 atque
420 1525 550 1583 animum
564 1525 672 1601 patriae
690 1523 805 1583 strinxit
819 1523 933 1602 pietatis
948 1523 1051 1600 imago.

319 1623 380 1666 tum
395 1605 435 1664 sic
450 1607 574 1664 effatur:

298 1687 428 1766 ‘sponde
442 1686 529 1762 digna
544 1686 601 1746 tuis
614 1687 780 1762 ingentibus
794 1686 892 1745 omnia
907 1686 1028 1764 coeptis.

318 1788 445 1847 namque
460 1768 514 1826 erit
528 1768 582 1827 ista
596 1767 667 1826 mihi
682 1766 824 1843 genetrix,
840 1787 1007 1845 nomenque
1022 1767 1149 1826 Creusae

318 1849 412 1908 solum
425 1849 561 1919 defuerit,
576 1869 630 1908 nec
644 1865 759 1925 parturn
774 1848 863 1925 gratia
878 1848 967 1906 talem

317 1951 404 2008 parva
419 1945 527 1990 manet.
569 1951 648 1988 casus
663 1929 773 1988 factum
789 1929 963 2008 quicumque
978 1943 1144 2007 sequentur,

317 2032 370 2089 per
384 2025 471 2088 caput
485 2010 564 2069 hoc
557 2031 629 2084 iuro,
643 2031 695 2087 per
709 2010 787 2088 quod
801 2025 883 2087 pater
897 2024 964 2068 ante
980 2010 1111 2068 solebat:
1146 2039 1183 2077 300

318 2111 392 2169 quae
407 2090 459 2148 tibi
474 2090 615 2184 polliceor
630 2091 728 2150 reduci
744 2091 886 2169 rebusque
901 2090 1045 2160 secundis,

318 2174 391 2230 haec
407 2171 508 2230 eadem
523 2171 665 2250 matrique
680 2188 746 2230 tuae
760 2171 917 2250 generique
932 2171 1113 2230 manebunt.'

318 2252 359 2311 sic
373 2251 413 2310 ait
427 2251 635 2324 inlacrimaus3
656 2273 756 2311 umero
770 2252 855 2311 simul
871 2252 951 2311 exuit
965 2272 1066 2311 ensem

319 2348 458 2405 auratum,
473 2331 545 2392 mira
560 2353 647 2410 quem
661 2333 770 2392 fecerat
784 2349 844 2391 arte
859 2334 979 2410 Lycaon

319 2413 446 2473 Gnosius
461 2431 546 2492 atque
560 2414 690 2473 habilem
704 2414 807 2490 vagina
822 2429 934 2492 aptarat
948 2415 1069 2473 eburna.

318 2494 369 2553 dat
383 2495 458 2553 Niso
474 2495 647 2553 Mnestheus
662 2495 771 2572 pellem
785 2496 993 2574 horrentesque
1007 2494 1103 2554 leouis

319 2574 456 2645 exuvias3
476 2575 587 2650 galeam
603 2574 675 2634 fidus
689 2591 835 2652 permutat
848 2576 959 2637 Aletes.

317 2656 449 2734 protinus
463 2655 563 2714 armati
579 2655 743 2728 incedunt3
765 2678 835 2749 quos
850 2656 944 2716 omnia
959 2671 1061 2716 euntes
1261 2711 1262 2728 ,

317 2735 475 2815 primorum
490 2757 592 2796 manus
606 2737 761 2815 adportas,
776 2737 974 2817 iuvenumque
988 2757 1165 2816 senumque,
1261 2729 1262 2814 l

317 2817 501 2896 prosequitur
514 2817 598 2878 votis.
641 2838 696 2876 nec
711 2839 771 2877 non
788 2832 817 2877 et
829 2819 953 2896 pulcher
967 2818 1058 2890 Iulus,
1152 2845 1190 2884 ,ιο

318 2913 387 2958 aute
401 2919 491 2957 annos
506 2898 695 2978 animumque
708 2919 811 2975 gerens
824 2919 981 2978 curamque
995 2898 1125 2971 virilem,

318 2979 410 3038 multa
424 2979 498 3057 patri
512 2980 648 3040 mandata
662 2979 749 3039 dabat
762 2980 925 3058 portanda·
947 2979 997 3038 sed
1011 3001 1099 3038 aurae

318 3059 416 3118 omnia
430 3060 598 3138 discerpunt
613 3076 643 3120 et
657 3060 805 3120 nubibus
796 3060 883 3120 surita
898 3060 1019 3120 donant.

359 3141 461 3216 egressi
476 3156 612 3234 superant
627 3143 712 3200 fossas
727 3142 879 3221 noctisque
893 3162 946 3218 per
960 3141 1094 3199 umbram

318 3235 408 3278 castra
424 3220 544 3280 inimica
557 3238 674 3299 petunt,
688 3222 787 3282 multis
802 3237 901 3282 tamen
917 3238 984 3280 ante
999 3221 1092 3284 futuri

319 3299 418 3358 exitio.
459 3301 564 3378 passim
579 3323 679 3362 somno
694 3303 821 3381 vinoque
835 3323 887 3381 per
900 3303 1020 3362 herbam

669 3399 722 3461 283'
733 3408 781 3448 aut.
