2568 4114
261 314 308 379 258
540 315 567 363 P.
584 313 726 362 VERGILI
743 313 900 364 MARONIS

300 465 368 522 ergo
382 458 422 517 et,
438 460 525 522 quam
539 441 649 521 petitis,
663 443 763 502 iuncta
777 459 819 501 est
833 443 905 502 mihi
920 444 1038 503 foedere
1052 445 1166 519 dextra,

301 541 330 585 et
345 525 396 584 lux
411 545 479 584 cum
494 524 621 602 primum
636 523 719 582 terris
733 544 763 582 se
778 523 901 584 crastina
915 525 1029 596 reddet,
1137 559 1177 596 170
1264 527 1265 604 f

300 606 410 666 auxilio
425 605 516 664 laetos
532 604 679 664 dimittam
694 604 855 682 opibusque
870 604 986 664 iuvabo.

300 688 413 746 interea
427 707 506 745 sacra
521 687 604 758 haec,
619 686 735 764 quando
749 686 807 744 huc
822 684 941 744 venistis
956 687 1053 761 amici,

300 788 406 839 annun,
422 787 495 846 quae
510 766 627 824 differre
643 767 734 839 nefas,
749 766 895 825 celebrate
909 767 1040 827 faventes

300 848 462 919 nobiscum,
479 862 509 906 et
523 847 581 906 iam
596 867 676 906 nunc
691 845 834 906 sociorum
849 847 1009 906 adsuescite
1024 849 1153 909 mensis!

340 930 412 987 haec
428 928 478 987 ubi
492 928 582 1000 dicta,
597 928 685 1005 dapes
700 927 781 987 iubet
797 942 826 986 et
841 928 950 986 sublata
964 929 1068 1007 reponi

299 1010 415 1089 pocula,
429 1008 638 1087 gramineoque
652 1008 727 1067 viros
742 1008 842 1067 locat'
833 1029 895 1086 1pse
909 1009 1012 1080 sedili3

299 1090 548 1170 praecipuumque
564 1106 627 1148 toro
642 1105 672 1148 et
685 1089 780 1148 villosi
796 1090 874 1168 pelle
888 1089 980 1149 leonis

301 1171 408 1250 accipit
421 1173 544 1231 Aenean
560 1171 691 1250 solioque
705 1170 811 1230 invitat
826 1191 941 1230 acerno.

301 1269 364 1311 tum
379 1251 449 1311 lecti
465 1252 587 1310 iuvenes
601 1251 735 1311 certatim
750 1273 872 1330 araeque
887 1252 1017 1310 sacerdos
1137 1283 1174 1323 1⁷9

300 1333 410 1391 viscera
425 1347 499 1392 tosta
511 1333 611 1392 ferunt
625 1347 774 1393 taurorum
785 1348 967 1411 onerantque
978 1333 1112 1392 canistris

301 1415 377 1471 dona
392 1413 538 1472 laboratae
554 1412 669 1473 Cereris
685 1413 894 1492 Bacchumque
907 1413 1084 1472 ministrant.

301 1493 429 1552 vescitur
442 1493 558 1551 Aeneas
574 1493 659 1552 simul
669 1509 704 1552 et
720 1493 849 1552 Troiana
863 1494 998 1553 iuventus

300 1573 435 1653 perpetui
451 1588 533 1649 tergo
548 1572 630 1632 bovis
646 1590 675 1634 et
689 1573 854 1634 lustralibus
870 1571 952 1635 exiis.

342 1670 638 1734 postquamexempta
644 1655 734 1714 fames
742 1671 771 1714 et
780 1675 860 1714 amor
865 1675 1042 1733 compressus
1053 1655 1171 1729 edendi,

301 1756 351 1795 rex
366 1735 518 1795 Euandrus
533 1736 592 1796 ait:
616 1741 694 1795 ‘non
709 1737 781 1795 haec
797 1737 948 1795 sollemnia
963 1736 1056 1808 nobis,

302 1819 352 1876 has
368 1837 403 1876 ex
418 1837 498 1875 more
513 1818 610 1896 dapes,
625 1819 702 1876 hanc
717 1817 791 1877 tanti
807 1816 936 1876 numinis
950 1837 1027 1875 aram

301 1919 375 1957 vana
390 1897 556 1976 superstitio
571 1914 761 1977 veterumque
775 1898 873 1974 ignara
887 1899 1007 1957 deorum

302 1979 450 2056 inposuit;
471 1978 572 2051 saevis,
586 1979 691 2058 hospes
707 1978 847 2051 Troiane,
862 1977 978 2056 periclis

301 2059 405 2118 servati
420 2059 542 2118 facimus
558 2059 735 2152 meritosque
744 2079 888 2118 novamus
902 2061 1034 2119 honores.

301 2139 360 2198 iam
374 2139 502 2217 primum
517 2139 592 2198 saxis
607 2158 773 2219 suspensam
788 2142 865 2199 hanc
879 2140 975 2219 aspice
989 2161 1104 2218 rupem,
1136 2169 1173 2210 190

301 2219 440 2280 disiectae
452 2222 556 2299 procul
572 2236 605 2280 ut
619 2221 720 2292 moles,
734 2221 903 2300 desertaque
918 2219 1026 2279 montis

302 2317 357 2359 stat
372 2302 483 2374 domus,
500 2317 531 2361 et
544 2301 678 2380 scopuli'
671 2317 821 2378 ingentem
836 2317 948 2360 traxere
963 2301 1087 2362 ruinam.

301 2381 349 2441 hic
365 2383 505 2460 spelunca
519 2383 586 2455 fuit,
602 2398 682 2441 vasto
697 2383 828 2441 submota
843 2402 966 2455 recessu,

302 2463 499 2524 semihominis
516 2463 587 2522 Caci
604 2463 692 2522 facies
708 2484 793 2542 quarn
809 2463 870 2522 dira
885 2463 1013 2536 tenebat,

301 2544 367 2601 solis
382 2543 560 2604 inaccessam
575 2543 680 2616 radiis;
701 2565 871 2623 semperque
885 2545 997 2603 recenti

301 2625 390 2686 caede
405 2625 524 2703 tepebat
538 2627 654 2696 humus,
670 2625 838 2704 foribusque
852 2625 945 2684 adfixa
959 2625 1090 2703 superbis

300 2725 349 2762 ora
364 2705 458 2765 virum
474 2705 548 2764 tristi
564 2706 735 2784 pendebant
748 2706 858 2785 pallida
873 2706 948 2765 tabo.

300 2785 368 2844 huic
383 2801 513 2845 monstro
528 2787 680 2845 Vulcanus
695 2802 756 2846 erat
769 2802 869 2865 pater3
891 2786 969 2845 illius
984 2799 1060 2845 atros
1110 2845 1114 2848 .

300 2886 350 2924 ore
364 2887 483 2927 vomens
498 2868 579 2944 ignes
595 2887 698 2946 magna
712 2887 742 2926 se
757 2869 835 2926 mole
850 2868 970 2928 ferebat.

301 2947 399 3005 attulit
414 2964 444 3006 et
459 2947 542 3006 nobis
559 2948 716 3027 aliquando
730 2949 897 3027 optantibus
912 2963 989 3007 aetas
1139 2978 1179 3006 aas

301 3027 441 3087 auxilium
456 3029 674 3108 adventumque
688 3030 746 3090 dei
789 3049 856 3088 nam
871 3029 1011 3088 maximus
1027 3028 1117 3103 ultor,

302 3109 452 3181 tergemini
469 3130 542 3169 nece
558 3111 714 3188 Geryonae
727 3109 883 3188 spoliisque
898 3109 1046 3188 superbus,

300 3187 416 3246 Alcides
431 3189 539 3263 aderat,
555 3207 708 3269 taurosque
722 3193 775 3250 hac
789 3189 883 3250 victor
896 3191 997 3267 agebat

301 3267 444 3344 ingentes,
459 3271 625 3350 vallemque
640 3271 728 3331 boves
742 3291 917 3351 amnemque
931 3271 1085 3331 tenebant.

641 3383 687 3434 194
703 3370 800 3430 tegebat.
