<?xml version="1.0" encoding="UTF-8"?>
<!DOCTYPE html PUBLIC "-//W3C//DTD XHTML 1.0 Transitional//EN"
    "http://www.w3.org/TR/xhtml1/DTD/xhtml1-transitional.dtd">
<html xmlns="http://www.w3.org/1999/xhtml" xml:lang="en" lang="en">
 <head>
  <title>
</title>
<meta http-equiv="Content-Type" content="text/html;charset=utf-8" />
  <meta name='ocr-system' content='tesseract 3.04.00' />
  <meta name='ocr-capabilities' content='ocr_page ocr_carea ocr_par ocr_line ocrx_word'/>
</head>
<body>
  <div class='ocr_page' id='page_1' title='image "./bucolicageorgic05virggoog/bucolicageorgic05virggoog_0338.png"; bbox 0 0 2562 4114; ppageno 0'>
   <div class='ocr_carea' id='block_1_1' title="bbox 440 382 728 433">
    <p class='ocr_par' dir='ltr' id='par_1_1' title="bbox 440 382 728 433">
     <span class='ocr_line' id='line_1_1' title="bbox 440 382 728 433; baseline -0.003 -3"><span class='ocrx_word' id='word_1_1' title='bbox 440 382 606 431; x_wconf 83' lang='lat' dir='ltr'>AENEIDOS</span> <span class='ocrx_word' id='word_1_2' title='bbox 624 382 686 433; x_wconf 84' lang='lat' dir='ltr'><strong>LIB.</strong></span> <span class='ocrx_word' id='word_1_3' title='bbox 704 383 728 429; x_wconf 84' lang='lat' dir='ltr'>X</span> 
     </span>
    </p>
   </div>
   <div class='ocr_carea' id='block_1_2' title="bbox 87 512 1039 3492">
    <p class='ocr_par' dir='ltr' id='par_1_2' title="bbox 87 512 1039 2848">
     <span class='ocr_line' id='line_1_2' title="bbox 172 512 889 592; baseline 0.003 -22"><span class='ocrx_word' id='word_1_4' title='bbox 172 512 332 592; x_wconf 83' lang='lat' dir='ltr'>infectique</span> <span class='ocrx_word' id='word_1_5' title='bbox 346 512 428 572; x_wconf 89' lang='lat' dir='ltr'>mihi.</span> <span class='ocrx_word' id='word_1_6' title='bbox 472 532 530 571; x_wconf 91' lang='lat' dir='ltr'>non</span> <span class='ocrx_word' id='word_1_7' title='bbox 544 512 592 571; x_wconf 90' lang='lat' dir='ltr'>hic</span> <span class='ocrx_word' id='word_1_8' title='bbox 607 512 726 571; x_wconf 88' lang='lat' dir='ltr'>victoria</span> <span class='ocrx_word' id='word_1_9' title='bbox 740 513 889 573; x_wconf 89' lang='lat' dir='ltr'>Teucrum</span> 
     </span>
     <span class='ocr_line' id='line_1_3' title="bbox 172 593 928 665; baseline 0.003 -13"><span class='ocrx_word' id='word_1_10' title='bbox 172 594 303 665; x_wconf 89' lang='lat' dir='ltr'>vertitur,</span> <span class='ocrx_word' id='word_1_11' title='bbox 317 609 365 652; x_wconf 89' lang='lat' dir='ltr'>aut</span> <span class='ocrx_word' id='word_1_12' title='bbox 380 593 474 652; x_wconf 85' lang='lat' dir='ltr'>anima</span> <span class='ocrx_word' id='word_1_13' title='bbox 488 613 545 652; x_wconf 90' lang='lat' dir='ltr'>una</span> <span class='ocrx_word' id='word_1_14' title='bbox 559 593 637 652; x_wconf 91' lang='lat' dir='ltr'>dabit</span> <span class='ocrx_word' id='word_1_15' title='bbox 651 594 816 652; x_wconf 90' lang='lat' dir='ltr'>discrimina</span> <span class='ocrx_word' id='word_1_16' title='bbox 830 595 928 655; x_wconf 90' lang='lat' dir='ltr'>tanta.&#39;</span> 
     </span>
     <span class='ocr_line' id='line_1_4' title="bbox 172 674 1039 746; baseline 0.002 -14"><span class='ocrx_word' id='word_1_17' title='bbox 172 674 290 734; x_wconf 83' lang='lat' dir='ltr'>dixerat.</span> <span class='ocrx_word' id='word_1_18' title='bbox 331 675 443 734; x_wconf 84' lang='lat' dir='ltr'>Aeneas</span> <span class='ocrx_word' id='word_1_19' title='bbox 457 690 557 734; x_wconf 91' lang='lat' dir='ltr'>contra</span> <span class='ocrx_word' id='word_1_20' title='bbox 570 674 617 733; x_wconf 92' lang='lat' dir='ltr'>cui</span> <span class='ocrx_word' id='word_1_21' title='bbox 633 674 700 734; x_wconf 92' lang='lat' dir='ltr'>talia</span> <span class='ocrx_word' id='word_1_22' title='bbox 713 674 828 734; x_wconf 87' lang='lat' dir='ltr'>reddit:</span> <span class='ocrx_word' id='word_1_23' title='bbox 1001 705 1039 746; x_wconf 67' lang='lat'>530</span> 
     </span>
     <span class='ocr_line' id='line_1_5' title="bbox 153 755 931 834; baseline 0.001 -21"><span class='ocrx_word' id='word_1_24' title='bbox 153 755 282 831; x_wconf 82' lang='lat' dir='ltr'>‘argenti</span> <span class='ocrx_word' id='word_1_25' title='bbox 297 770 382 833; x_wconf 91' lang='lat' dir='ltr'>atque</span> <span class='ocrx_word' id='word_1_26' title='bbox 397 756 456 814; x_wconf 92' lang='lat' dir='ltr'>auri</span> <span class='ocrx_word' id='word_1_27' title='bbox 471 775 610 814; x_wconf 88' lang='lat' dir='ltr'>memoras</span> <span class='ocrx_word' id='word_1_28' title='bbox 626 775 697 834; x_wconf 88' lang='lat' dir='ltr'>quae</span> <span class='ocrx_word' id='word_1_29' title='bbox 712 756 803 814; x_wconf 90' lang='lat' dir='ltr'>multa</span> <span class='ocrx_word' id='word_1_30' title='bbox 816 756 931 828; x_wconf 81' lang='lat' dir='ltr'>talenta,</span> 
     </span>
     <span class='ocr_line' id='line_1_6' title="bbox 172 835 859 913; baseline 0.001 -20"><span class='ocrx_word' id='word_1_31' title='bbox 172 835 245 894; x_wconf 92' lang='lat' dir='ltr'>natis</span> <span class='ocrx_word' id='word_1_32' title='bbox 260 856 344 913; x_wconf 90' lang='lat' dir='ltr'>parce</span> <span class='ocrx_word' id='word_1_33' title='bbox 359 837 424 895; x_wconf 90' lang='lat' dir='ltr'>tuis.</span> <span class='ocrx_word' id='word_1_34' title='bbox 467 835 536 895; x_wconf 93' lang='lat' dir='ltr'>belli</span> <span class='ocrx_word' id='word_1_35' title='bbox 552 835 725 895; x_wconf 87' lang='lat' dir='ltr'>commercia</span> <span class='ocrx_word' id='word_1_36' title='bbox 740 837 859 895; x_wconf 90' lang='lat' dir='ltr'>Turnus</span> 
     </span>
     <span class='ocr_line' id='line_1_7' title="bbox 87 916 908 996; baseline 0.004 -23"><span class='ocrx_word' id='word_1_37' title='bbox 87 991 90 996; x_wconf 24' lang='grc' dir='ltr'>Ι</span> <span class='ocrx_word' id='word_1_38' title='bbox 172 917 285 975; x_wconf 78' lang='lat' dir='ltr'>sustulit</span> <span class='ocrx_word' id='word_1_39' title='bbox 299 917 352 976; x_wconf 89' lang='lat' dir='ltr'>ista</span> <span class='ocrx_word' id='word_1_40' title='bbox 366 917 444 995; x_wconf 91' lang='lat' dir='ltr'>prior</span> <span class='ocrx_word' id='word_1_41' title='bbox 457 916 514 975; x_wconf 88' lang='lat' dir='ltr'>iam</span> <span class='ocrx_word' id='word_1_42' title='bbox 529 933 591 976; x_wconf 91' lang='lat' dir='ltr'>tum</span> <span class='ocrx_word' id='word_1_43' title='bbox 607 918 735 976; x_wconf 78' lang='lat' dir='ltr'>Pallante</span> <span class='ocrx_word' id='word_1_44' title='bbox 750 933 908 995; x_wconf 89' lang='lat' dir='ltr'>perempto.</span> 
     </span>
     <span class='ocr_line' id='line_1_8' title="bbox 171 997 903 1074; baseline 0 -19"><span class='ocrx_word' id='word_1_45' title='bbox 171 998 226 1056; x_wconf 88' lang='lat' dir='ltr'>hoc</span> <span class='ocrx_word' id='word_1_46' title='bbox 242 997 326 1074; x_wconf 88' lang='lat' dir='ltr'>patris</span> <span class='ocrx_word' id='word_1_47' title='bbox 340 997 485 1057; x_wconf 85' lang='lat' dir='ltr'>Anchisae</span> <span class='ocrx_word' id='word_1_48' title='bbox 501 999 615 1068; x_wconf 88' lang='lat' dir='ltr'>Manes,</span> <span class='ocrx_word' id='word_1_49' title='bbox 631 999 687 1057; x_wconf 92' lang='lat' dir='ltr'>hoc</span> <span class='ocrx_word' id='word_1_50' title='bbox 703 997 790 1056; x_wconf 84' lang='lat' dir='ltr'>sentit</span> <span class='ocrx_word' id='word_1_51' title='bbox 804 997 903 1057; x_wconf 69' lang='lat' dir='ltr'>Iulus!</span> 
     </span>
     <span class='ocr_line' id='line_1_9' title="bbox 172 1077 844 1157; baseline 0.001 -22"><span class='ocrx_word' id='word_1_52' title='bbox 172 1077 211 1136; x_wconf 92' lang='lat' dir='ltr'>sic</span> <span class='ocrx_word' id='word_1_53' title='bbox 228 1078 299 1136; x_wconf 87' lang='lat' dir='ltr'>fatus</span> <span class='ocrx_word' id='word_1_54' title='bbox 314 1080 424 1155; x_wconf 88' lang='lat' dir='ltr'>galeam</span> <span class='ocrx_word' id='word_1_55' title='bbox 439 1078 518 1136; x_wconf 87' lang='lat' dir='ltr'>laeva</span> <span class='ocrx_word' id='word_1_56' title='bbox 533 1094 623 1149; x_wconf 89' lang='lat' dir='ltr'>tenet,</span> <span class='ocrx_word' id='word_1_57' title='bbox 638 1094 723 1157; x_wconf 88' lang='lat' dir='ltr'>atque</span> <span class='ocrx_word' id='word_1_58' title='bbox 738 1077 844 1137; x_wconf 83' lang='lat' dir='ltr'>reflexa</span> 
     </span>
     <span class='ocr_line' id='line_1_10' title="bbox 170 1158 882 1237; baseline 0.003 -21"><span class='ocrx_word' id='word_1_59' title='bbox 170 1158 283 1217; x_wconf 90' lang='lat' dir='ltr'>cervice</span> <span class='ocrx_word' id='word_1_60' title='bbox 298 1159 405 1217; x_wconf 88' lang='lat' dir='ltr'>orantis</span> <span class='ocrx_word' id='word_1_61' title='bbox 419 1159 522 1236; x_wconf 91' lang='lat' dir='ltr'>capulo</span> <span class='ocrx_word' id='word_1_62' title='bbox 537 1175 619 1218; x_wconf 89' lang='lat' dir='ltr'>tenus</span> <span class='ocrx_word' id='word_1_63' title='bbox 635 1159 759 1237; x_wconf 92' lang='lat' dir='ltr'>applicat</span> <span class='ocrx_word' id='word_1_64' title='bbox 774 1179 882 1218; x_wconf 87' lang='lat' dir='ltr'>ensem.</span> 
     </span>
     <span class='ocr_line' id='line_1_11' title="bbox 170 1238 1034 1318; baseline 0.002 -22"><span class='ocrx_word' id='word_1_65' title='bbox 170 1259 225 1296; x_wconf 90' lang='lat' dir='ltr'>nec</span> <span class='ocrx_word' id='word_1_66' title='bbox 239 1241 341 1317; x_wconf 89' lang='lat' dir='ltr'>procul</span> <span class='ocrx_word' id='word_1_67' title='bbox 356 1238 563 1311; x_wconf 82' lang='lat' dir='ltr'>Haemonides,</span> <span class='ocrx_word' id='word_1_68' title='bbox 582 1240 692 1298; x_wconf 90' lang='lat' dir='ltr'>Phoebi</span> <span class='ocrx_word' id='word_1_69' title='bbox 709 1239 885 1318; x_wconf 88' lang='lat' dir='ltr'>Triviaeque</span> <span class='ocrx_word' id='word_1_70' title='bbox 898 1240 1034 1311; x_wconf 84' lang='lat' dir='ltr'>sacerdos,</span> 
     </span>
     <span class='ocr_line' id='line_1_12' title="bbox 170 1319 818 1398; baseline 0.003 -21"><span class='ocrx_word' id='word_1_71' title='bbox 170 1319 263 1378; x_wconf 89' lang='lat' dir='ltr'>infula</span> <span class='ocrx_word' id='word_1_72' title='bbox 276 1319 323 1378; x_wconf 92' lang='lat' dir='ltr'>cui</span> <span class='ocrx_word' id='word_1_73' title='bbox 338 1340 414 1379; x_wconf 87' lang='lat' dir='ltr'>sacra</span> <span class='ocrx_word' id='word_1_74' title='bbox 427 1319 580 1380; x_wconf 86' lang='lat' dir='ltr'>redimibat</span> <span class='ocrx_word' id='word_1_75' title='bbox 596 1337 723 1398; x_wconf 82' lang='lat' dir='ltr'>tempora</span> <span class='ocrx_word' id='word_1_76' title='bbox 738 1320 818 1392; x_wconf 89' lang='lat' dir='ltr'>vitta,</span> 
     </span>
     <span class='ocr_line' id='line_1_13' title="bbox 170 1400 894 1479; baseline 0.001 -21"><span class='ocrx_word' id='word_1_77' title='bbox 170 1416 247 1459; x_wconf 91' lang='lat' dir='ltr'>totus</span> <span class='ocrx_word' id='word_1_78' title='bbox 261 1401 408 1459; x_wconf 89' lang='lat' dir='ltr'>collucens</span> <span class='ocrx_word' id='word_1_79' title='bbox 423 1415 501 1459; x_wconf 88' lang='lat' dir='ltr'>veste</span> <span class='ocrx_word' id='word_1_80' title='bbox 517 1417 601 1479; x_wconf 91' lang='lat' dir='ltr'>atque</span> <span class='ocrx_word' id='word_1_81' title='bbox 617 1400 775 1476; x_wconf 85' lang='lat' dir='ltr'>insignibus</span> <span class='ocrx_word' id='word_1_82' title='bbox 789 1401 894 1471; x_wconf 90' lang='lat' dir='ltr'>armis;</span> 
     </span>
     <span class='ocr_line' id='line_1_14' title="bbox 169 1480 1036 1560; baseline 0 -20"><span class='ocrx_word' id='word_1_83' title='bbox 169 1501 257 1559; x_wconf 89' lang='lat' dir='ltr'>quem</span> <span class='ocrx_word' id='word_1_84' title='bbox 268 1501 431 1557; x_wconf 86' lang='lat' dir='ltr'>congressus</span> <span class='ocrx_word' id='word_1_85' title='bbox 447 1480 504 1557; x_wconf 90' lang='lat' dir='ltr'>agit</span> <span class='ocrx_word' id='word_1_86' title='bbox 519 1501 630 1560; x_wconf 90' lang='lat' dir='ltr'>campo,</span> <span class='ocrx_word' id='word_1_87' title='bbox 644 1482 810 1560; x_wconf 90' lang='lat' dir='ltr'>lapsumque</span> <span class='ocrx_word' id='word_1_88' title='bbox 821 1497 984 1558; x_wconf 86' lang='lat' dir='ltr'>superstans</span> <span class='ocrx_word' id='word_1_89' title='bbox 998 1511 1036 1550; x_wconf 76' lang='lat'>⁵⁴0</span> 
     </span>
     <span class='ocr_line' id='line_1_15' title="bbox 107 1561 944 1640; baseline 0.002 -22"><span class='ocrx_word' id='word_1_90' title='bbox 107 1602 111 1612; x_wconf 89' lang='lat'>.</span> <span class='ocrx_word' id='word_1_91' title='bbox 169 1561 300 1632; x_wconf 80' lang='lat' dir='ltr'>inmolet,</span> <span class='ocrx_word' id='word_1_92' title='bbox 314 1561 482 1640; x_wconf 87' lang='lat' dir='ltr'>ingentique</span> <span class='ocrx_word' id='word_1_93' title='bbox 499 1562 600 1620; x_wconf 88' lang='lat' dir='ltr'>umbra</span> <span class='ocrx_word' id='word_1_94' title='bbox 615 1562 706 1636; x_wconf 87' lang='lat' dir='ltr'>tegit;</span> <span class='ocrx_word' id='word_1_95' title='bbox 727 1582 803 1620; x_wconf 89' lang='lat' dir='ltr'>arma</span> <span class='ocrx_word' id='word_1_96' title='bbox 818 1563 944 1620; x_wconf 85' lang='lat' dir='ltr'>Serestus</span> 
     </span>
     <span class='ocr_line' id='line_1_16' title="bbox 169 1642 944 1720; baseline 0.004 -21"><span class='ocrx_word' id='word_1_97' title='bbox 169 1642 244 1701; x_wconf 89' lang='lat' dir='ltr'>lecta</span> <span class='ocrx_word' id='word_1_98' title='bbox 257 1643 345 1702; x_wconf 87' lang='lat' dir='ltr'>refert</span> <span class='ocrx_word' id='word_1_99' title='bbox 360 1643 475 1713; x_wconf 90' lang='lat' dir='ltr'>umeris,</span> <span class='ocrx_word' id='word_1_100' title='bbox 490 1642 552 1712; x_wconf 90' lang='lat' dir='ltr'>tibi,</span> <span class='ocrx_word' id='word_1_101' title='bbox 568 1663 618 1701; x_wconf 87' lang='lat' dir='ltr'>rex</span> <span class='ocrx_word' id='word_1_102' title='bbox 635 1643 770 1714; x_wconf 91' lang='lat' dir='ltr'>Gradive,</span> <span class='ocrx_word' id='word_1_103' title='bbox 787 1659 944 1720; x_wconf 89' lang='lat' dir='ltr'>tropaeum.</span> 
     </span>
     <span class='ocr_line' id='line_1_17' title="bbox 168 1722 784 1800; baseline 0.002 -21"><span class='ocrx_word' id='word_1_104' title='bbox 168 1722 325 1783; x_wconf 88' lang='lat' dir='ltr'>instaurant</span> <span class='ocrx_word' id='word_1_105' title='bbox 339 1723 413 1782; x_wconf 86' lang='lat' dir='ltr'>acies</span> <span class='ocrx_word' id='word_1_106' title='bbox 428 1723 556 1783; x_wconf 87' lang='lat' dir='ltr'>Vulcani</span> <span class='ocrx_word' id='word_1_107' title='bbox 572 1724 658 1800; x_wconf 87' lang='lat' dir='ltr'>stirpe</span> <span class='ocrx_word' id='word_1_108' title='bbox 673 1739 784 1784; x_wconf 89' lang='lat' dir='ltr'>creatus</span> 
     </span>
     <span class='ocr_line' id='line_1_18' title="bbox 169 1802 970 1863; baseline 0.001 -2"><span class='ocrx_word' id='word_1_109' title='bbox 169 1802 312 1862; x_wconf 88' lang='lat' dir='ltr'>Caeculus</span> <span class='ocrx_word' id='word_1_110' title='bbox 326 1819 354 1862; x_wconf 92' lang='lat' dir='ltr'>et</span> <span class='ocrx_word' id='word_1_111' title='bbox 368 1804 486 1863; x_wconf 91' lang='lat' dir='ltr'>veniens</span> <span class='ocrx_word' id='word_1_112' title='bbox 504 1805 669 1862; x_wconf 90' lang='lat' dir='ltr'>Marsorum</span> <span class='ocrx_word' id='word_1_113' title='bbox 683 1803 829 1862; x_wconf 89' lang='lat' dir='ltr'>montibus</span> <span class='ocrx_word' id='word_1_114' title='bbox 845 1802 970 1862; x_wconf 89' lang='lat' dir='ltr'>Umbro.</span> 
     </span>
     <span class='ocr_line' id='line_1_19' title="bbox 167 1882 957 1944; baseline 0 -2"><span class='ocrx_word' id='word_1_115' title='bbox 167 1882 345 1943; x_wconf 80' lang='lat' dir='ltr'>Dardanides</span> <span class='ocrx_word' id='word_1_116' title='bbox 359 1900 459 1944; x_wconf 86' lang='lat' dir='ltr'>contra</span> <span class='ocrx_word' id='word_1_117' title='bbox 473 1883 552 1942; x_wconf 90' lang='lat' dir='ltr'>furit.</span> <span class='ocrx_word' id='word_1_118' title='bbox 594 1883 720 1942; x_wconf 87' lang='lat' dir='ltr'>Anxuris</span> <span class='ocrx_word' id='word_1_119' title='bbox 736 1903 803 1941; x_wconf 89' lang='lat' dir='ltr'>ense</span> <span class='ocrx_word' id='word_1_120' title='bbox 817 1882 957 1942; x_wconf 88' lang='lat' dir='ltr'>sinistram</span> 
     </span>
     <span class='ocr_line' id='line_1_20' title="bbox 168 1963 830 2044; baseline -0.003 -21"><span class='ocrx_word' id='word_1_121' title='bbox 168 1981 197 2023; x_wconf 93' lang='lat' dir='ltr'>et</span> <span class='ocrx_word' id='word_1_122' title='bbox 211 1979 304 2024; x_wconf 89' lang='lat' dir='ltr'>toturn</span> <span class='ocrx_word' id='word_1_123' title='bbox 319 1963 406 2044; x_wconf 86' lang='lat' dir='ltr'>clipei</span> <span class='ocrx_word' id='word_1_124' title='bbox 422 1965 496 2022; x_wconf 87' lang='lat' dir='ltr'>ferro</span> <span class='ocrx_word' id='word_1_125' title='bbox 511 1963 654 2021; x_wconf 90' lang='lat' dir='ltr'>deiecerat</span> <span class='ocrx_word' id='word_1_126' title='bbox 668 1963 767 2022; x_wconf 89' lang='lat' dir='ltr'>orbem</span> <span class='ocrx_word' id='word_1_127' title='bbox 778 1987 830 2031; x_wconf 83' lang='lat'>3·-</span> 
     </span>
     <span class='ocr_line' id='line_1_21' title="bbox 167 2043 970 2122; baseline 0 -19"><span class='ocrx_word' id='word_1_128' title='bbox 167 2045 276 2104; x_wconf 84' lang='lat' dir='ltr'>dixerat</span> <span class='ocrx_word' id='word_1_129' title='bbox 290 2044 341 2103; x_wconf 90' lang='lat' dir='ltr'>ille</span> <span class='ocrx_word' id='word_1_130' title='bbox 355 2045 464 2122; x_wconf 89' lang='lat' dir='ltr'>aliquid</span> <span class='ocrx_word' id='word_1_131' title='bbox 479 2063 624 2119; x_wconf 86' lang='lat' dir='ltr'>magnum,</span> <span class='ocrx_word' id='word_1_132' title='bbox 640 2043 758 2122; x_wconf 89' lang='lat' dir='ltr'>vimque</span> <span class='ocrx_word' id='word_1_133' title='bbox 772 2043 868 2102; x_wconf 87' lang='lat' dir='ltr'>adfore</span> <span class='ocrx_word' id='word_1_134' title='bbox 883 2044 970 2104; x_wconf 88' lang='lat' dir='ltr'>verbo</span> 
     </span>
     <span class='ocr_line' id='line_1_22' title="bbox 168 2124 899 2202; baseline 0.001 -20"><span class='ocrx_word' id='word_1_135' title='bbox 168 2125 337 2196; x_wconf 79' lang='lat' dir='ltr'>crediderat,</span> <span class='ocrx_word' id='word_1_136' title='bbox 352 2125 489 2202; x_wconf 89' lang='lat' dir='ltr'>caeloque</span> <span class='ocrx_word' id='word_1_137' title='bbox 506 2124 635 2182; x_wconf 89' lang='lat' dir='ltr'>animum</span> <span class='ocrx_word' id='word_1_138' title='bbox 650 2125 765 2183; x_wconf 88' lang='lat' dir='ltr'>fortasse</span> <span class='ocrx_word' id='word_1_139' title='bbox 780 2125 899 2196; x_wconf 83' lang='lat' dir='ltr'>ferebat,</span> 
     </span>
     <span class='ocr_line' id='line_1_23' title="bbox 167 2204 937 2284; baseline -0.001 -20"><span class='ocrx_word' id='word_1_140' title='bbox 167 2205 362 2284; x_wconf 89' lang='lat' dir='ltr'>canitiemque</span> <span class='ocrx_word' id='word_1_141' title='bbox 378 2205 430 2263; x_wconf 93' lang='lat' dir='ltr'>sibi</span> <span class='ocrx_word' id='word_1_142' title='bbox 446 2221 475 2264; x_wconf 91' lang='lat' dir='ltr'>et</span> <span class='ocrx_word' id='word_1_143' title='bbox 491 2206 590 2282; x_wconf 90' lang='lat' dir='ltr'>longos</span> <span class='ocrx_word' id='word_1_144' title='bbox 604 2204 770 2284; x_wconf 89' lang='lat' dir='ltr'>promiserat</span> <span class='ocrx_word' id='word_1_145' title='bbox 785 2225 873 2263; x_wconf 88' lang='lat' dir='ltr'>annos</span> <span class='ocrx_word' id='word_1_146' title='bbox 887 2230 937 2276; x_wconf 79' lang='lat'>3-</span> 
     </span>
     <span class='ocr_line' id='line_1_24' title="bbox 168 2285 1034 2365; baseline 0 -20"><span class='ocrx_word' id='word_1_147' title='bbox 168 2286 327 2365; x_wconf 89' lang='lat' dir='ltr'>Tarquitus</span> <span class='ocrx_word' id='word_1_148' title='bbox 342 2287 486 2345; x_wconf 84' lang='lat' dir='ltr'>exsultans</span> <span class='ocrx_word' id='word_1_149' title='bbox 501 2301 601 2344; x_wconf 83' lang='lat' dir='ltr'>contra</span> <span class='ocrx_word' id='word_1_150' title='bbox 617 2285 793 2361; x_wconf 89' lang='lat' dir='ltr'>fulgentibus</span> <span class='ocrx_word' id='word_1_151' title='bbox 807 2286 901 2357; x_wconf 89' lang='lat' dir='ltr'>armis,</span> <span class='ocrx_word' id='word_1_152' title='bbox 996 2317 1034 2354; x_wconf 80' lang='lat'>550</span> 
     </span>
     <span class='ocr_line' id='line_1_25' title="bbox 166 2366 942 2444; baseline 0 -20"><span class='ocrx_word' id='word_1_153' title='bbox 166 2366 312 2438; x_wconf 80' lang='lat' dir='ltr'>silvicolae</span> <span class='ocrx_word' id='word_1_154' title='bbox 326 2367 349 2424; x_wconf 92' lang='lat' dir='ltr'>F</span> <span class='ocrx_word' id='word_1_155' title='bbox 350 2387 431 2442; x_wconf 54' lang='lat' dir='ltr'>auno,</span> <span class='ocrx_word' id='word_1_156' title='bbox 440 2366 558 2444; x_wconf 90' lang='lat' dir='ltr'>Dryope</span> <span class='ocrx_word' id='word_1_157' title='bbox 572 2386 660 2444; x_wconf 91' lang='lat' dir='ltr'>quern</span> <span class='ocrx_word' id='word_1_158' title='bbox 676 2367 813 2444; x_wconf 86' lang='lat' dir='ltr'>Nympha</span> <span class='ocrx_word' id='word_1_159' title='bbox 828 2382 942 2436; x_wconf 87' lang='lat' dir='ltr'>crearat,</span> 
     </span>
     <span class='ocr_line' id='line_1_26' title="bbox 166 2446 821 2507; baseline -0.003 -1"><span class='ocrx_word' id='word_1_160' title='bbox 166 2448 267 2507; x_wconf 87' lang='lat' dir='ltr'>obvius</span> <span class='ocrx_word' id='word_1_161' title='bbox 282 2447 391 2506; x_wconf 89' lang='lat' dir='ltr'>ardenti</span> <span class='ocrx_word' id='word_1_162' title='bbox 407 2467 465 2506; x_wconf 88' lang='lat' dir='ltr'>sese</span> <span class='ocrx_word' id='word_1_163' title='bbox 480 2446 596 2506; x_wconf 89' lang='lat' dir='ltr'>obtulit.</span> <span class='ocrx_word' id='word_1_164' title='bbox 639 2446 689 2505; x_wconf 90' lang='lat' dir='ltr'>ille</span> <span class='ocrx_word' id='word_1_165' title='bbox 704 2447 821 2506; x_wconf 87' lang='lat' dir='ltr'>reducta</span> 
     </span>
     <span class='ocr_line' id='line_1_27' title="bbox 166 2527 891 2607; baseline -0.001 -21"><span class='ocrx_word' id='word_1_166' title='bbox 166 2528 286 2588; x_wconf 87' lang='lat' dir='ltr'>loricam</span> <span class='ocrx_word' id='word_1_167' title='bbox 300 2528 446 2607; x_wconf 89' lang='lat' dir='ltr'>clipeique</span> <span class='ocrx_word' id='word_1_168' title='bbox 460 2528 562 2604; x_wconf 90' lang='lat' dir='ltr'>ingens</span> <span class='ocrx_word' id='word_1_169' title='bbox 577 2547 649 2586; x_wconf 90' lang='lat' dir='ltr'>onus</span> <span class='ocrx_word' id='word_1_170' title='bbox 664 2527 775 2606; x_wconf 89' lang='lat' dir='ltr'>inpedit</span> <span class='ocrx_word' id='word_1_171' title='bbox 788 2529 868 2586; x_wconf 86' lang='lat' dir='ltr'>hasta</span> <span class='ocrx_word' id='word_1_172' title='bbox 881 2551 891 2595; x_wconf 90' lang='lat'>;</span> 
     </span>
     <span class='ocr_line' id='line_1_28' title="bbox 167 2607 929 2687; baseline -0.004 -19"><span class='ocrx_word' id='word_1_173' title='bbox 167 2623 230 2668; x_wconf 88' lang='lat' dir='ltr'>turn</span> <span class='ocrx_word' id='word_1_174' title='bbox 244 2625 331 2687; x_wconf 92' lang='lat' dir='ltr'>caput</span> <span class='ocrx_word' id='word_1_175' title='bbox 345 2609 451 2668; x_wconf 87' lang='lat' dir='ltr'>orantis</span> <span class='ocrx_word' id='word_1_176' title='bbox 466 2608 642 2687; x_wconf 89' lang='lat' dir='ltr'>nequiquam</span> <span class='ocrx_word' id='word_1_177' title='bbox 657 2623 686 2667; x_wconf 93' lang='lat' dir='ltr'>et</span> <span class='ocrx_word' id='word_1_178' title='bbox 699 2609 791 2667; x_wconf 89' lang='lat' dir='ltr'>multa</span> <span class='ocrx_word' id='word_1_179' title='bbox 804 2607 929 2686; x_wconf 82' lang='lat' dir='ltr'>parantis</span> 
     </span>
     <span class='ocr_line' id='line_1_29' title="bbox 166 2690 894 2767; baseline -0.001 -19"><span class='ocrx_word' id='word_1_180' title='bbox 166 2690 262 2749; x_wconf 87' lang='lat' dir='ltr'>dicere</span> <span class='ocrx_word' id='word_1_181' title='bbox 276 2690 410 2749; x_wconf 87' lang='lat' dir='ltr'>deturbat</span> <span class='ocrx_word' id='word_1_182' title='bbox 424 2704 522 2759; x_wconf 86' lang='lat' dir='ltr'>terrae,</span> <span class='ocrx_word' id='word_1_183' title='bbox 539 2705 732 2767; x_wconf 90' lang='lat' dir='ltr'>truncumque</span> <span class='ocrx_word' id='word_1_184' title='bbox 747 2703 894 2766; x_wconf 91' lang='lat' dir='ltr'>tepentem</span> 
     </span>
     <span class='ocr_line' id='line_1_30' title="bbox 167 2769 897 2848; baseline 0.001 -21"><span class='ocrx_word' id='word_1_185' title='bbox 167 2770 336 2846; x_wconf 86' lang='lat' dir='ltr'>provolvens</span> <span class='ocrx_word' id='word_1_186' title='bbox 350 2771 519 2848; x_wconf 88' lang='lat' dir='ltr'>superhaec</span> <span class='ocrx_word' id='word_1_187' title='bbox 535 2769 656 2828; x_wconf 90' lang='lat' dir='ltr'>inimico</span> <span class='ocrx_word' id='word_1_188' title='bbox 670 2785 787 2848; x_wconf 90' lang='lat' dir='ltr'>pectore</span> <span class='ocrx_word' id='word_1_189' title='bbox 802 2770 897 2828; x_wconf 85' lang='lat' dir='ltr'>fatur:</span> 
     </span>
    </p>

    <p class='ocr_par' dir='ltr' id='par_1_3' title="bbox 147 2850 1034 3411">
     <span class='ocr_line' id='line_1_31' title="bbox 147 2850 989 2928; baseline 0.001 -21"><span class='ocrx_word' id='word_1_190' title='bbox 147 2850 231 2909; x_wconf 88' lang='lat' dir='ltr'>‘istic</span> <span class='ocrx_word' id='word_1_191' title='bbox 247 2870 337 2923; x_wconf 90' lang='lat' dir='ltr'>nunc,</span> <span class='ocrx_word' id='word_1_192' title='bbox 351 2850 516 2920; x_wconf 87' lang='lat' dir='ltr'>metuende,</span> <span class='ocrx_word' id='word_1_193' title='bbox 533 2850 614 2910; x_wconf 89' lang='lat' dir='ltr'>iace!</span> <span class='ocrx_word' id='word_1_194' title='bbox 658 2869 718 2909; x_wconf 92' lang='lat' dir='ltr'>non</span> <span class='ocrx_word' id='word_1_195' title='bbox 733 2866 762 2908; x_wconf 91' lang='lat' dir='ltr'>te</span> <span class='ocrx_word' id='word_1_196' title='bbox 777 2850 885 2928; x_wconf 90' lang='lat' dir='ltr'>optima</span> <span class='ocrx_word' id='word_1_197' title='bbox 899 2865 989 2908; x_wconf 87' lang='lat' dir='ltr'>mater</span> 
     </span>
     <span class='ocr_line' id='line_1_32' title="bbox 167 2931 994 3010; baseline 0.002 -22"><span class='ocrx_word' id='word_1_198' title='bbox 167 2931 274 2991; x_wconf 90' lang='lat' dir='ltr'>condet</span> <span class='ocrx_word' id='word_1_199' title='bbox 287 2932 377 3003; x_wconf 88' lang='lat' dir='ltr'>humi,</span> <span class='ocrx_word' id='word_1_200' title='bbox 392 2932 519 3010; x_wconf 89' lang='lat' dir='ltr'>patriove</span> <span class='ocrx_word' id='word_1_201' title='bbox 534 2931 663 2990; x_wconf 84' lang='lat' dir='ltr'>onerabit</span> <span class='ocrx_word' id='word_1_202' title='bbox 678 2931 807 2990; x_wconf 91' lang='lat' dir='ltr'>membra</span> <span class='ocrx_word' id='word_1_203' title='bbox 822 2931 994 3010; x_wconf 86' lang='lat' dir='ltr'>sepulchro:</span> 
     </span>
     <span class='ocr_line' id='line_1_33' title="bbox 167 3011 847 3091; baseline 0 -21"><span class='ocrx_word' id='word_1_204' title='bbox 167 3011 282 3070; x_wconf 82' lang='lat' dir='ltr'>alitibus</span> <span class='ocrx_word' id='word_1_205' title='bbox 296 3012 426 3091; x_wconf 90' lang='lat' dir='ltr'>linquere</span> <span class='ocrx_word' id='word_1_206' title='bbox 441 3011 517 3081; x_wconf 86' lang='lat' dir='ltr'>feris,</span> <span class='ocrx_word' id='word_1_207' title='bbox 533 3027 581 3072; x_wconf 91' lang='lat' dir='ltr'>aut</span> <span class='ocrx_word' id='word_1_208' title='bbox 595 3012 707 3088; x_wconf 83' lang='lat' dir='ltr'>gurgite</span> <span class='ocrx_word' id='word_1_209' title='bbox 722 3031 847 3071; x_wconf 89' lang='lat' dir='ltr'>mersum</span> 
     </span>
     <span class='ocr_line' id='line_1_34' title="bbox 167 3090 1034 3171; baseline 0.001 -22"><span class='ocrx_word' id='word_1_210' title='bbox 167 3091 245 3149; x_wconf 82' lang='lat' dir='ltr'>unda</span> <span class='ocrx_word' id='word_1_211' title='bbox 259 3092 339 3162; x_wconf 81' lang='lat' dir='ltr'>ferei,</span> <span class='ocrx_word' id='word_1_212' title='bbox 355 3093 504 3171; x_wconf 90' lang='lat' dir='ltr'>piscesque</span> <span class='ocrx_word' id='word_1_213' title='bbox 520 3092 622 3170; x_wconf 83' lang='lat' dir='ltr'>inpasti</span> <span class='ocrx_word' id='word_1_214' title='bbox 638 3094 758 3151; x_wconf 88' lang='lat' dir='ltr'>vulnera</span> <span class='ocrx_word' id='word_1_215' title='bbox 772 3090 918 3152; x_wconf 70' lang='lat' dir='ltr'>lambent!</span> <span class='ocrx_word' id='word_1_216' title='bbox 995 3109 1034 3162; x_wconf 79' lang='lat'>5⁶0</span> 
     </span>
     <span class='ocr_line' id='line_1_35' title="bbox 166 3171 989 3250; baseline 0.001 -21"><span class='ocrx_word' id='word_1_217' title='bbox 166 3171 296 3250; x_wconf 89' lang='lat' dir='ltr'>protinus</span> <span class='ocrx_word' id='word_1_218' title='bbox 310 3173 456 3232; x_wconf 88' lang='lat' dir='ltr'>Antaeum</span> <span class='ocrx_word' id='word_1_219' title='bbox 471 3189 500 3232; x_wconf 93' lang='lat' dir='ltr'>et</span> <span class='ocrx_word' id='word_1_220' title='bbox 514 3173 633 3242; x_wconf 86' lang='lat' dir='ltr'>Lucam,</span> <span class='ocrx_word' id='word_1_221' title='bbox 649 3173 741 3250; x_wconf 88' lang='lat' dir='ltr'>prima</span> <span class='ocrx_word' id='word_1_222' title='bbox 754 3172 867 3249; x_wconf 88' lang='lat' dir='ltr'>agmina</span> <span class='ocrx_word' id='word_1_223' title='bbox 881 3171 989 3244; x_wconf 91' lang='lat' dir='ltr'>Turni,</span> 
     </span>
     <span class='ocr_line' id='line_1_36' title="bbox 167 3252 1033 3333; baseline 0 -23"><span class='ocrx_word' id='word_1_224' title='bbox 167 3252 353 3331; x_wconf 90' lang='lat' dir='ltr'>persequitur,</span> <span class='ocrx_word' id='word_1_225' title='bbox 361 3254 521 3333; x_wconf 90' lang='lat' dir='ltr'>fortemque</span> <span class='ocrx_word' id='word_1_226' title='bbox 530 3253 671 3323; x_wconf 91' lang='lat' dir='ltr'>Numam,</span> <span class='ocrx_word' id='word_1_227' title='bbox 676 3254 846 3333; x_wconf 86' lang='lat' dir='ltr'>fulvumque</span> <span class='ocrx_word' id='word_1_228' title='bbox 857 3254 1033 3322; x_wconf 88' lang='lat' dir='ltr'>Camertem,</span> 
     </span>
     <span class='ocr_line' id='line_1_37' title="bbox 167 3333 869 3411; baseline 0.003 -21"><span class='ocrx_word' id='word_1_229' title='bbox 167 3333 351 3410; x_wconf 83' lang='lat' dir='ltr'>magnanimo</span> <span class='ocrx_word' id='word_1_230' title='bbox 365 3334 511 3394; x_wconf 89' lang='lat' dir='ltr'>Volcente</span> <span class='ocrx_word' id='word_1_231' title='bbox 526 3351 627 3405; x_wconf 87' lang='lat' dir='ltr'>satum,</span> <span class='ocrx_word' id='word_1_232' title='bbox 643 3333 796 3394; x_wconf 84' lang='lat' dir='ltr'>ditissimus</span> <span class='ocrx_word' id='word_1_233' title='bbox 811 3335 869 3411; x_wconf 83' lang='lat' dir='ltr'>agri</span> 
     </span>
    </p>

    <p class='ocr_par' dir='ltr' id='par_1_4' title="bbox 426 3425 729 3492">
     <span class='ocr_line' id='line_1_38' title="bbox 426 3425 729 3492; baseline 0.01 -18"><span class='ocrx_word' id='word_1_234' title='bbox 426 3426 472 3491; x_wconf 77' lang='lat'>558</span> <span class='ocrx_word' id='word_1_235' title='bbox 489 3425 570 3476; x_wconf 88' lang='lat' dir='ltr'>humo.</span> <span class='ocrx_word' id='word_1_236' title='bbox 605 3427 729 3492; x_wconf 87' lang='lat' dir='ltr'>patrioque.</span> 
     </span>
    </p>
   </div>
   <div class='ocr_carea' id='block_1_3' title="bbox 0 0 1286 4114">
    <p class='ocr_par' dir='ltr' id='par_1_5' title="bbox 0 0 1286 4114">
     <span class='ocr_line' id='line_1_39' title="bbox 0 0 1286 4114; baseline 0 2"><span class='ocrx_word' id='word_1_237' title='bbox 0 0 1286 4114; x_wconf 95' lang='lat' dir='ltr'> </span> 
     </span>
    </p>
   </div>
  </div>
 </body>
</html>
