2568 4114
417 304 586 370 nsumoos
604 321 669 371 ιιι.
686 321 751 370 v111
992 334 1038 386 255

171 454 362 532 stringentem
376 454 452 534 ripas
467 469 496 514 et
510 453 630 532 pinguia
644 456 722 515 culta
736 472 892 529 secantem,

169 536 320 595 caeruleus
336 535 474 613 Thybris,
489 537 572 595 caelo
587 535 760 612 gratissimus
775 537 877 597 amnis.

170 617 219 677 hic
234 615 307 675 mihi
321 636 424 692 magna
438 617 551 689 domus,
568 617 651 676 celsis
667 633 755 694 caput
769 616 898 689 urbibus,
912 617 991 678 exit!

211 696 294 769 dixit,
309 697 416 756 deinde
432 698 497 757 lacu
514 696 619 756 fluvius
635 718 664 757 se
680 698 812 756 condidit
827 697 896 770 alto,

170 777 228 836 ima
238 793 370 871 petens,
361 802 368 815 ·
390 799 449 838 nox
463 780 586 837 Aenean
602 799 777 872 somnusque
792 778 920 856 reliquit.

170 859 269 935 surgit,
285 874 328 952 et,
339 859 460 918 aetherii
475 876 607 938 spectans
623 859 747 918 orientia
762 859 828 918 solis

169 938 328 1012 lumina,
307 955 361 998 rrte
376 940 452 998 cavis
467 941 576 998 undam
592 940 628 998 de
644 939 766 1000 flumine
779 941 883 1020 palmis

170 1019 302 1091 sustinet,
318 1041 351 1078 ac
367 1021 438 1080 tales
453 1021 579 1079 effundit
594 1021 631 1079 ad
646 1022 763 1080 aethera
778 1042 882 1081 voces:
1015 1051 1042 1090 70

150 1100 338 1178 ‘Nymphae,
354 1100 514 1161 Laurentes
530 1101 698 1180 Nymphae,
710 1122 801 1178 genus
816 1101 949 1161 amnibus
962 1103 1040 1160 unde

251 1196 303 1254 est,

170 1277 270 1339 tuque,
286 1282 303 1318 o
318 1261 434 1339 Thybri
449 1277 500 1321 tuo
514 1263 630 1339 genitor
645 1285 713 1322 cum
728 1263 850 1324 flumine
865 1278 975 1337 sancto,

169 1341 293 1420 accipite
307 1343 439 1414 Aenean,
456 1357 485 1402 et
501 1344 620 1402 tandem
636 1359 732 1403 arcete
746 1345 873 1424 periclis

169 1443 228 1500 quo
243 1436 272 1481 te
287 1443 414 1501 cumque
429 1424 508 1482 lacus
523 1424 712 1485 miserantem
727 1426 914 1485 incommoda
928 1442 1023 1485 nostra

170 1503 253 1562 fonte
268 1518 358 1576 tenet,
374 1523 560 1583 quocumque
575 1506 636 1564 solo
651 1507 864 1585 pulcherrimus
880 1507 950 1577 exis,

170 1603 283 1677 semper
297 1549 407 1643 horiore
422 1606 497 1657 meo,
514 1607 627 1665 semper
643 1588 825 1648 celebrabere
841 1589 934 1660 donis,

169 1665 303 1742 corniger
317 1665 515 1743 Hesperidum
531 1667 636 1727 fluvius
651 1684 785 1744 regnator
798 1688 959 1746 aquarum:

170 1745 243 1805 adsis
257 1767 275 1805 o
292 1761 414 1820 tantum,
430 1763 459 1806 et
473 1749 590 1826 propius
607 1764 656 1806 tua
672 1748 793 1806 numina
808 1749 922 1806 firmes'

170 1827 210 1886 sic
226 1842 375 1920 memorat,
391 1829 577 1921 geminasque
593 1827 664 1903 legit
678 1829 715 1886 de
731 1828 819 1886 classe
834 1828 968 1899 biremes,

169 1907 347 1986 remigioque
360 1923 462 1986 aptat3
484 1908 575 1967 socios
590 1907 699 1966 simul'
691 1907 808 1968 instruit
822 1908 917 1968 armis.
1017 1927 1042 1966 ao

212 2009 280 2047 ecce
302 2003 400 2048 autem
426 1989 553 2068 subitum
580 2004 666 2067 atque
689 1989 781 2048 oculis
802 1988 936 2049 mirabile
958 2010 1041 2050 mon-

251 2084 351 2139 strum,

170 2149 294 2208 candida
309 2170 361 2227 per
375 2149 477 2207 silvam
493 2169 560 2208 cum
576 2150 639 2208 fetu
655 2151 794 2210 concolor
807 2152 874 2209 albo

169 2230 327 2308 procubuit
341 2229 485 2308 viridique
501 2230 533 2287 in
548 2229 633 2289 litore
650 2231 830 2309 conspicitur
843 2251 909 2290 sus:

170 2330 257 2388 quam
271 2310 336 2388 pius
350 2311 465 2369 Aeneas
482 2310 534 2369 tibi
552 2310 640 2383 enim,
657 2310 721 2383 tibi,
737 2311 861 2369 maxima
876 2312 962 2383 Iuno,

171 2406 279 2449 mactat
294 2412 371 2450 sacra
386 2391 481 2450 ferens
498 2406 527 2450 et
542 2410 609 2450 cum
624 2411 707 2468 grege
723 2391 796 2450 sistit
811 2391 948 2450 adaram.

171 2471 300 2549 Thybris
315 2493 348 2530 ea
363 2471 493 2544 fluvium,
510 2492 597 2564 quam
609 2473 694 2548 longa
709 2488 761 2545 est,
774 2488 861 2531 nocte
876 2487 1040 2532 tumentem

170 2551 265 2645 leniit,
282 2569 311 2612 et
325 2553 413 2612 tacita
427 2553 574 2611 refluens
567 2568 606 2610 1ta
621 2551 749 2612 substitit
764 2553 850 2624 unda,

106 2701 109 2706 Ι
171 2633 249 2692 mitis
264 2649 296 2692 ut
311 2633 342 2692 in
357 2654 467 2692 morem
483 2634 575 2710 stagni
591 2633 782 2712 placidaeque
797 2633 910 2714 paludis

171 2730 312 2773 sterneret
324 2736 434 2808 aequor
449 2715 538 2793 aquis,
555 2735 634 2773 remo
650 2731 683 2774 ut
698 2715 848 2773 luctamen
862 2715 983 2790 abesset.

171 2815 238 2870 ergo
252 2795 308 2854 iter
322 2794 474 2874 inceptum
489 2793 619 2854 celerant
633 2816 749 2856 rumore
764 2781 902 2854 secundo.
1016 2823 1042 2864 ῳ

171 2875 279 2934 labitur
293 2892 382 2935 uncta
396 2875 474 2935 vadis
491 2876 590 2946 abies3
612 2876 753 2934 mirantur
769 2891 798 2933 et
815 2875 920 2948 undae,

171 2955 292 3015 miratur
307 2977 409 3016 nemus
423 2957 571 3015 insuetum
586 2956 727 3032 fulgentia
742 2957 826 3032 longe

172 3052 253 3095 scuta
268 3037 362 3118 virum
377 3037 466 3096 fluvio
480 3037 630 3115 pictasque
645 3037 748 3097 innare
762 3036 881 3096 carinas.

172 3117 223 3175 olli
238 3111 359 3194 remigio
374 3133 550 3196 noctemque
565 3117 701 3210 diemque
716 3117 849 3193 fatigant,

172 3211 201 3254 et
216 3197 318 3274 longos
333 3214 469 3276 superant
483 3197 586 3270 flexus,
601 3198 742 3276 variisque
758 3214 894 3274 teguntur

172 3277 329 3351 arboribus,
344 3278 508 3357 viridesque
523 3294 622 3338 secant
635 3278 754 3357 placido
770 3300 892 3357 aequore
910 3279 1005 3338 silvas.

255 3387 285 3438 75
303 3382 392 3425 tenent.
459 3391 490 3440 90
507 3386 625 3441 peragunt.
660 3378 769 3428 Rumone
780 3377 919 3441 (=Tiberi).
