2562 4114
263 350 308 415 ³5⁸
533 345 721 396 nvsucmr
737 345 895 394 uanours

301 481 412 540 balteus
426 494 456 537 et
470 479 595 537 laterum
608 475 756 534 iuncturas
771 474 861 533 fibula
873 475 993 545 mordet,

301 560 448 636 egregium
462 558 554 617 forma
567 557 704 616 iuvenem
718 571 749 614 et
763 555 939 631 fulgentibus
953 556 1052 628 armis,

302 639 468 715 transadigit
482 654 583 708 costas,
598 637 736 717 fulvaque
749 637 873 694 effundit
885 638 1002 696 herena.

300 738 330 782 at
344 721 453 792 francs,
467 719 595 778 animosa
608 718 736 798 phalanx
751 737 926 796 accensaque
941 719 1034 788 luctu,

300 824 363 883 pars
377 801 487 878 gladios
501 799 646 874 stringunt
658 799 804 869 manibus,
816 818 881 876 pars
895 797 1003 856 missile
1016 799 1128 857 ferrum

301 883 472 961 corripiunt,
485 881 622 959 caecique
635 895 734 939 ruunt.
776 899 847 958 quos
861 879 976 954 :gmina
987 894 1090 937 contra
1263 931 1264 958 ³

300 977 474 1044 procurrunt
493 962 692 1031 Laurentum
711 960 782 1018 binc
802 959 883 1017 densi
904 977 1001 1017 rursus
1020 960 1169 1018 inundant

302 1045 395 1104 Troes
409 1042 598 1121 Agyllinique
612 1057 642 1100 et
655 1041 742 1118 pictis
756 1040 882 1099 Arcades
895 1039 988 1099 armis.
1132 1059 1167 1098 281
1263 1045 1264 1072 ³

301 1126 341 1184 sie
355 1143 456 1182 omnes
471 1143 550 1182 amor
564 1143 637 1182 unus
651 1122 739 1180 babet
753 1121 907 1180 decernere
921 1119 1007 1180 ferro.

301 1205 446 1283 diripuere
460 1223 538 1276 aras3
558 1203 581 1262 it
594 1219 658 1261 toto
671 1202 785 1261 turbida
799 1202 880 1260 caelo

303 1300 454 1363 tempestas
469 1286 594 1344 telorum
608 1303 641 1342 ac
655 1282 763 1342 ferreus
777 1282 886 1358 ingruit
900 1281 994 1340 imber
1001 1307 1012 1353 ;

302 1381 481 1444 craterasque
494 1365 632 1456 focosque
646 1363 753 1422 ferunt.
793 1363 869 1439 fugit
883 1362 944 1442 ipse
958 1362 1084 1420 hunus
1263 1427 1264 1430 Ἴ

301 1447 427 1526 pulsatos
440 1445 566 1504 referens
581 1445 693 1503 infecto
706 1444 823 1502 foedere
836 1443 927 1502 absos.
1263 1437 1264 1524 l

301 1527 449 1585 infrenant
463 1525 513 1582 alii
527 1545 635 1595 currus,
652 1541 701 1584 aut
716 1545 836 1604 corpora
848 1525 924 1585 saltu
1263 1533 1264 1598 l

302 1605 448 1666 subiciunt
462 1605 494 1662 in
509 1625 606 1684 equos,
623 1620 652 1663 et
666 1605 777 1664 strictis
788 1605 904 1664 ensibus
916 1605 1028 1664 adsunt.
1263 1599 1264 1666 l

303 1688 453 1764 Messapus
468 1705 562 1760 regem
577 1685 709 1764 regisque
722 1685 836 1762 insigne
850 1701 1007 1762 gerentem,
1093 1729 1104 1750 .
1252 1695 1264 1784 q

303 1769 487 1845 Tyrrhenum
502 1767 653 1835 Aulesten,
668 1766 769 1824 avidus
783 1767 962 1826 confundere
977 1765 1080 1824 foedus
1132 1795 1170 1835 ῳ

302 1849 418 1907 adverso
431 1863 575 1924 proterret
586 1867 680 1926 equo;
700 1848 760 1906 ruit
773 1846 824 1905 ille
838 1847 985 1918 recedens,
1263 1875 1264 1922 q

302 1946 332 1989 et
346 1930 431 1987 miser
445 1928 584 2008 oppositis
599 1949 615 1986 a
629 1943 709 2004 tergo
722 1927 880 1986 involvitur
893 1925 947 1985 aris
1263 1935 1264 1990 l

301 2011 331 2069 in
346 2025 433 2087 caput
447 2009 537 2087 inque
551 2029 674 2068 umeros.
715 2024 745 2067 at
758 2008 884 2066 fervidus
899 2007 1015 2066 aduolat
1027 2009 1111 2066 hasta

303 2091 462 2167 Messapus,
479 2089 596 2168 teloque
610 2105 740 2147 orantem
754 2089 847 2147 multa
861 2089 963 2146 trabali
1263 2073 1264 2164 l

301 2171 422 2248 desuper
435 2171 509 2229 altus
523 2191 599 2248 equo
612 2169 735 2246 graviter
747 2170 824 2241 ferit,
839 2185 925 2248 etque
939 2169 980 2227 ita
994 2169 1093 2228 fatur:
1263 2165 1264 2190 ¹

282 2253 356 2310 ‘hoc
390 2251 478 2310 babet
501 2275 511 2321 ;
551 2253 622 2310 haec
657 2248 761 2308 melior
802 2249 911 2326 magnis
950 2249 1017 2308 data
1045 2248 1168 2308 victima
1263 2255 1264 2258 ’

386 2331 476 2391 divis.'

301 2429 478 2470 concurrunt
493 2411 560 2470 Itali
575 2411 756 2490 spoliantque
770 2411 895 2470 calentia
909 2409 1048 2470 membra.

300 2491 400 2550 obvius
415 2493 580 2552 ambustum
595 2507 701 2551 torrem
716 2492 883 2568 Corynaeus
898 2492 932 2550 ab
947 2510 995 2550 ara

301 2573 426 2650 corripit,
443 2587 472 2630 et
486 2572 616 2630 venienti
633 2573 728 2649 Ebyso
742 2573 914 2651 plagamque
927 2571 1030 2630 ferenti

300 2670 423 2730 occupat
438 2674 468 2710 os
484 2651 626 2723 flammis3
647 2653 699 2710 olli
714 2653 815 2728 ingens
827 2653 916 2711 barba
929 2653 1049 2724 reluxit,
1131 2680 1167 2721 μ

300 2733 488 2812 nidoremque
504 2733 635 2792 ambusta
649 2733 750 2804 dedit;
772 2753 856 2812 super
870 2734 930 2812 ipse
944 2748 1060 2792 secutus

300 2814 451 2873 caesariem
466 2815 546 2872 laeva
562 2814 669 2872 turbati
685 2814 804 2892 corripit
817 2814 917 2885 hostis,

299 2893 483 2973 inpressoque
499 2915 574 2970 genu
591 2894 687 2954 nitens
703 2911 794 2954 terrae
809 2896 934 2972 adplicat
947 2895 1065 2972 ipsum

299 2974 338 3032 sic
353 2975 445 3050 rigido
461 2977 533 3034 latus
550 2995 618 3034 ense
633 2975 710 3035 ferit.
754 2974 912 3035 Podalirius
926 2976 1038 3044 Alsum,

299 3069 450 3132 pastorem,
464 3056 690 3136 primaquegacie
704 3077 756 3135 per
770 3057 827 3115 tela
841 3072 985 3126 ruentem,

299 3155 365 3194 ense
380 3156 501 3214 sequens
515 3138 595 3196 nudo
610 3137 840 3215 superinminet3
860 3135 912 3194 ille
926 3135 1018 3194 securi

299 3215 407 3275 adversi
422 3216 549 3276 frontem
565 3217 689 3276 mediam
704 3233 896 3296 mentumque
910 3217 1029 3276 reducta

297 3296 402 3367 disicit,
417 3311 446 3354 et
460 3317 555 3373 sparso
569 3299 627 3356 late
641 3298 712 3373 rigat
727 3319 803 3357 arma
818 3318 930 3356 cruore.

297 3377 349 3436 olli
364 3376 437 3436 dura
452 3376 533 3456 quies
548 3379 646 3438 oculos
660 3394 689 3437 et
704 3379 810 3438 ferreus
825 3393 927 3453 urguet
