2558 4112
500 301 529 349 P.
546 299 689 348 VERGILI
708 298 866 348 MARONIS

269 432 417 510 externplo
430 432 546 490 Aeneae
562 431 712 489 solvuntur
725 429 828 506 frigore
843 431 973 489 membra
986 455 996 503 ;

268 513 398 588 ingemit,
415 527 443 570 et
457 512 587 589 duplices
602 511 721 570 tendens
736 511 772 568 ad
786 511 875 570 sidera
889 512 996 588 palmas

270 594 337 654 talia
352 613 422 651 voce
437 594 524 652 refert
539 615 546 652 :
569 601 603 650 ‘o
619 608 717 670 terque
732 607 888 672 quaterque
903 592 988 663 beati,

271 674 333 753 quis
349 689 415 733 ante
430 695 478 732 ora
492 690 604 750 patrum
619 672 726 732 Troiae
740 673 792 730 sub
806 673 958 731 moenibus
973 673 1035 732 altis

269 755 392 831 contigit
405 770 541 832 oppetere
556 754 563 813 ἱ
586 775 603 812 o
618 755 753 812 Danaum
767 753 919 812 fortissime
932 754 1025 829 gentis

270 837 396 912 Tydide,
412 857 497 894 mene
512 835 606 894 Iliacis
621 834 793 893 occumbere
809 835 916 911 campis

269 939 327 976 non
343 917 467 994 potuisse
483 935 588 995 tuaque
602 915 727 974 animam
741 915 817 978 hanc
833 915 982 973 effundere
997 915 1106 986 dextra,

269 1019 366 1056 saevus
382 998 431 1056 ubi
445 997 586 1056 Aeacidae
601 998 661 1056 telo
675 996 749 1054 iacet
764 995 886 1067 Hector,
903 996 952 1054 ubi
967 995 1069 1073 ingens

270 1079 426 1156 Sarpedon,
442 1078 492 1138 ubi
507 1094 550 1136 tot
566 1077 668 1136 Simois
682 1092 811 1154 correpta
826 1077 878 1135 sub
893 1077 976 1135 undis
1099 1106 1139 1138 roo

269 1176 349 1219 scuta
362 1161 457 1218 virum
471 1159 619 1238 galeasque
634 1174 663 1217 et
677 1157 761 1216 fortia
775 1178 893 1234 corpora
907 1157 997 1216 volvit
1008 1157 1035 1216 I’

311 1240 378 1299 talia
392 1240 509 1298 iactanti
524 1240 644 1297 stridens
657 1238 803 1317 Aquilone
818 1239 947 1316 procella

269 1321 367 1379 velum
382 1321 496 1378 adversa
511 1321 585 1392 ferit,
601 1319 763 1398 fluctusque
778 1319 813 1377 ad
827 1320 917 1378 sidera
932 1318 1017 1378 tollit.

269 1402 440 1476 franguntur
454 1401 525 1458 remi
540 1425 550 1471 ;
571 1416 634 1459 tum
648 1421 730 1477 prora
744 1401 846 1459 avertit
861 1416 890 1459 et
905 1401 988 1459 undis

269 1482 317 1541 dat
332 1483 404 1540 latus
418 1505 428 1552 ;
449 1479 608 1559 insequitur
623 1481 742 1539 cumulo
756 1498 924 1558 praeruptus
939 1500 1026 1559 aquae
1044 1500 1151 1541 mons,

268 1563 299 1621 hi
314 1583 426 1621 summo
441 1562 471 1620 in
486 1561 577 1620 fluctu
592 1562 730 1638 pendent,
745 1562 789 1620 his
805 1563 882 1620 unda
896 1562 1045 1620 dehiscens

270 1660 373 1702 terram
387 1642 463 1701 inter
477 1642 582 1701 fluctus
596 1642 686 1720 aperit
700 1667 709 1712 3
730 1642 800 1702 furit
815 1659 906 1702 aestus
920 1641 1041 1701 harenis.

271 1740 326 1782 tres
341 1725 436 1782 Notus
452 1724 580 1800 abreptas
594 1723 625 1781 in
640 1743 704 1780 saxa
719 1723 838 1783 latentia
852 1739 976 1802 torquet,

270 1825 335 1863 saxa
349 1820 453 1864 vocant
467 1804 534 1862 Itali
548 1804 649 1862 mediis
664 1825 736 1882 quae
751 1805 782 1862 in
797 1804 932 1863 fluctibus
946 1804 1026 1874 Aras,

270 1885 385 1943 dorsum
399 1885 515 1943 inmane
530 1885 601 1943 mari
617 1905 729 1943 summo
743 1909 753 1953 ;
774 1901 829 1944 tres
845 1886 937 1943 Eurus
951 1884 986 1942 ab
1000 1885 1060 1943 alto
1100 1913 1139 1944 uo

225 2025 228 2032 ,
270 1965 301 2024 in
316 1964 412 2022 brevia
427 1981 455 2024 et
471 1967 565 2040 Syrtes
581 1966 884 2041 urguet—miserabile
898 1965 1002 2023 visu—

269 2045 424 2124 inliditque
439 2045 516 2103 vadis
530 2062 616 2123 atque
631 2066 729 2121 aggere
745 2047 836 2122 cingit
849 2049 980 2104 harenae.

271 2146 367 2198 unam,
383 2147 455 2204 quae
470 2127 575 2203 Lycios
589 2127 736 2206 fidumque
751 2128 874 2187 vehebat
889 2129 1030 2196 Oronten,

269 2207 356 2286 ipsius
371 2223 437 2266 ante
452 2208 550 2267 oculos
565 2208 665 2282 ingens
680 2229 695 2266 a
710 2209 818 2266 vertice
833 2224 938 2286 pontus

269 2291 301 2350 iu
315 2289 436 2366 puppim
451 2289 517 2347 ferit
533 2312 539 2348 :
560 2289 707 2347 excutitur
720 2310 885 2366 pronusque
900 2288 1032 2364 magister

270 2369 394 2428 volvitur
407 2369 437 2428 in
454 2385 540 2447 caput
554 2393 563 2440 ;
584 2385 625 2428 ast
639 2368 719 2427 illam
735 2385 777 2428 ter
792 2369 896 2428 fluctus
911 2369 1019 2428 ibidem

269 2464 383 2528 torquet
398 2470 482 2525 agens
494 2451 614 2520 circum,
626 2466 655 2510 et
669 2449 781 2527 rapidus
797 2444 876 2509 vorat
891 2470 1011 2528 aequore
1025 2463 1136 2510 vertex.

269 2546 406 2608 apparent
420 2531 473 2589 rari
488 2546 588 2590 nantes
603 2531 634 2588 in
648 2531 761 2606 gurgite
776 2547 864 2602 vasto,

269 2632 346 2670 arma
360 2611 454 2670 virum
469 2612 639 2690 tabulaeque
654 2627 684 2670 et
699 2611 788 2670 Tro'ia
802 2632 869 2688 gaza
882 2633 933 2689 per
948 2611 1046 2670 undas.

268 2692 326 2750 iam
340 2693 463 2750 validam
477 2693 581 2750 Ilionei
596 2713 710 2764 navem,
725 2692 782 2751 iam
797 2693 876 2752 fortis
890 2692 1004 2763 Achati,
1099 2720 1139 2749 ιω

270 2789 299 2831 et
313 2794 368 2850 qua
382 2790 481 2832 vectus
495 2773 582 2845 Abas,
596 2788 626 2831 et
643 2794 698 2851 qua
712 2774 887 2848 grandaevus
900 2774 1009 2843 Aletes,

269 2853 340 2911 vicit
353 2854 465 2930 hiemps
478 2879 487 2924 ;
508 2853 578 2912 laxis
594 2855 715 2912 laterum
730 2854 913 2931 compagibus
927 2873 1028 2911 omnes

270 2933 417 3009 accipiunt
431 2934 584 2992 inimicum
597 2935 720 2992 imbrem
735 2935 870 3013 rimisque
885 2933 1031 2992 fatiscunt.

310 3013 419 3072 interea
433 3035 536 3090 magno
550 3014 662 3074 misceri
678 3035 823 3074 murmure
839 3030 960 3093 pontum

244 3101 247 3106 '
270 3092 456 3172 emissamque
471 3096 598 3154 hiemem
612 3096 699 3154 sensit
715 3095 871 3172 Neptunus
887 3111 915 3154 et
930 3095 994 3152 imis

270 3189 367 3250 stagna
381 3175 474 3233 refusa
488 3176 575 3246 vadis,
590 3177 711 3252 graviter
725 3191 886 3234 commotus
898 3200 908 3246 ;
929 3192 958 3234 et
973 3175 1031 3233 alto

269 3254 445 3333 prospiciens
459 3276 569 3315 summa
583 3257 729 3334 placidum
744 3274 830 3334 caput
845 3257 950 3332 extulit
965 3255 1050 3314 unda.

605 3369 650 3414 104
668 3369 767 3416 proram.

988 3431 992 3442 V

977 3445 994 3468 a*

973 3470 999 3510 ‘r

969 3511 978 3520 n

969 3538 979 3546 ι.

971 3531 1007 3658 qq
