2558 4112
250 373 296 428 150
523 361 551 411 P.
568 360 710 410 VERGILI
728 361 885 410 MARONIS

291 494 408 555 sorbet
400 516 431 553 ιιι
447 495 601 572 abruptum
615 493 721 553 fluetus
734 515 885 573 rursusque
900 494 953 552 sub
967 515 1048 554 auras

292 577 376 652 erigit
390 577 515 634 alternos
532 589 561 634 et
574 574 667 633 sidera
681 575 811 634 verberat
825 575 913 636 unda.

291 673 319 716 at
335 657 464 735 Scyllam
478 655 570 716 caecis
585 655 703 715 cohibet
718 647 856 735 spelunca
870 655 987 716 latebris

291 760 340 797 ora
355 752 547 796 exsertantem
563 751 592 796 et
606 757 692 794 naves
706 736 738 794 in
753 757 817 796 saxa
830 737 1005 797 trahentem.

291 819 384 898 prima
397 817 525 877 hominis
540 817 627 876 facies
637 832 673 876 et
686 816 811 895 pulchro
823 833 944 896 pectore
956 817 1037 894 virgo

290 899 368 978 pube
383 917 476 970 tenus,
491 913 633 976 postrema
647 897 758 957 inmani
774 918 893 976 corpore
906 898 1009 978 pistrix

291 979 466 1059 delphinum
480 978 584 1038 caudas
598 994 681 1037 utero
696 978 847 1038 commissa
861 979 1005 1055 luporum.

289 1075 415 1140 praestat
429 1059 576 1119 Trinacrii
589 1074 682 1118 metas
698 1059 817 1118 lustrare
832 1059 959 1136 Pachyni

291 1156 458 1214 cessantem,
468 1140 568 1214 longos
580 1155 609 1200 et
624 1139 853 1200 circumflectere
868 1159 974 1213 cursus,
1120 1167 1156 1206 ⁴³0

290 1241 379 1301 quam
393 1221 482 1280 semel
498 1222 655 1279 informem
669 1235 748 1278 vasto
762 1219 865 1279 vidisse
880 1221 932 1279 sub
947 1234 1029 1278 antro

293 1303 421 1380 Scyllam
436 1317 465 1361 et
479 1289 619 1361 caeruleis
635 1300 753 1360 canibus
767 1300 930 1360 resonantia
944 1321 1017 1360 saxa.

290 1324 446 1462 prayeterea,
462 1381 483 1440 si
499 1402 554 1459 qua
569 1397 612 1441 est
627 1381 747 1440 Heleno
761 1381 924 1459 prudentia,
938 1381 994 1439 vati

291 1463 313 1522 si
328 1484 385 1542 qua
398 1462 477 1532 fides,
493 1462 624 1520 animum
639 1462 661 1521 ai
676 1461 749 1520 veris
764 1463 859 1540 inplet
873 1462 991 1540 Apollo,

291 1564 384 1605 unum
398 1542 473 1602 illud
488 1542 550 1615 tibi,
567 1558 634 1602 nate
650 1543 712 1636 dea,
727 1563 837 1622 proque
852 1542 985 1602 omnibus
1000 1561 1091 1601 unum

291 1623 454 1718 praedicam
467 1638 496 1682 et
510 1639 644 1702 repetens
659 1622 833 1702 iterumque
837 1623 1000 1702 iterumque
1011 1622 1156 1682 monebo:

291 1704 412 1764 Iunonis
426 1724 545 1782 magnae
560 1704 686 1797 primum
700 1725 788 1798 prece
802 1725 912 1764 numen
926 1704 1021 1776 adora,

292 1786 400 1846 Iunoni
415 1807 488 1845 cane
501 1800 568 1844 vota
583 1782 676 1844 libens
690 1784 896 1878 dominamque
910 1800 1063 1878 potentem

292 1866 471 1946 supplicibus
485 1887 586 1945 supera
601 1865 703 1937 donis3
724 1865 765 1925 sic
781 1866 908 1944 denique
922 1865 1015 1926 victor

293 1947 445 2006 Trinacria
458 1948 530 2009 fines
544 1947 633 2005 Italos
647 1946 765 2006 mittere
778 1945 890 2006 relicta.
1121 1973 1159 2012 440

291 2030 350 2087 huc
365 2028 415 2086 ubi
430 2028 543 2086 delatus
560 2027 721 2087 Cumaeam
736 2027 886 2087 accesseris
902 2027 1004 2087 urbem

291 2108 464 2203 divinosque
478 2107 557 2166 lacus
574 2123 603 2166 et
616 2109 733 2168 Averna
748 2108 879 2167 sonantia
894 2107 981 2180 silvis,

292 2189 424 2248 insanam
438 2204 535 2248 vatem
551 2189 681 2268 aspicies,
697 2210 771 2268 quae
786 2209 858 2282 rupe
873 2188 947 2248 sub'
939 2210 998 2248 rma

292 2270 352 2330 fata
367 2268 447 2328 canit
461 2266 598 2348 foliisque
614 2286 696 2330 notas
712 2285 742 2328 et
756 2269 876 2328 nomina
889 2269 1019 2329 mandat.

291 2370 493 2445 quaecumque
507 2351 539 2409 in
554 2351 632 2410 foliis
648 2349 800 2428 descripsit
814 2349 942 2409 carmina
957 2349 1046 2426 virgo,

292 2431 420 2508 digerit
412 2452 444 2490 ιιι
459 2452 614 2491 numerum
631 2447 718 2509 atque
732 2446 817 2490 antro
831 2431 942 2490 seclusa
956 2429 1106 2509 relinquit.

292 2511 344 2575 illa
359 2527 480 2572 manent
495 2511 605 2570 inmota
622 2511 693 2571 locis
708 2533 805 2606 neque
820 2513 855 2572 ab
870 2511 973 2571 ordine
988 2511 1107 2570 cedunt.

292 2614 393 2652 verum
409 2592 521 2666 eadem,
535 2613 618 2654 verso
634 2592 730 2652 tenuia
745 2613 812 2653 cum
826 2592 945 2652 cardine
960 2605 1063 2651 ventus

292 2673 402 2752 inpulit
417 2689 446 2732 et
462 2689 575 2732 teneras
590 2673 716 2733 turbavit
731 2673 817 2734 ianua
834 2673 960 2746 frondes,

286 2775 453 2834 numquam
467 2754 575 2813 deinde
590 2774 660 2813 cavo
675 2755 827 2814 volitantia
840 2754 985 2848 prendere
999 2771 1068 2812 saro
1123 2777 1164 2820 ψ

293 2856 348 2895 nec
363 2857 499 2895 revocare
514 2835 584 2895 situs
600 2851 650 2894 aut
664 2835 783 2912 iungere
798 2835 926 2895 carmina
941 2849 1043 2894 curat:

292 2915 452 2976 inconsulti
466 2916 576 2976 abeunt
590 2917 747 2995 sedemque
762 2917 849 2975 odere
866 2915 1003 2994 Sibyllae.

292 2996 341 3055 hic
357 2997 411 3057 tibi
427 3019 465 3056 ne
480 3019 536 3077 qua
550 3018 647 3057 morae
662 2996 773 3092 fuerint
785 2996 939 3090 dispendia
955 2993 1038 3063 tanti,

293 3077 423 3156 quamvis
438 3078 618 3156 increpitent
633 3077 704 3138 socii
720 3093 749 3136 et
764 3077 792 3136 vi
808 3097 906 3136 cursus
921 3076 953 3134 in
968 3074 1061 3134 altum
1131 3111 1134 3120 ι

292 3156 358 3216 vela
372 3174 458 3217 vocet
471 3158 620 3238 possisque
634 3157 713 3218 sinus
727 3157 840 3236 inplere
855 3156 1006 3227 secundos,

293 3238 365 3332 quin
380 3239 464 3296 adeas
479 3254 577 3298 vatem
591 3239 783 3317 precibusque
798 3235 914 3296 oracula
928 3255 1028 3316 poscas

293 3319 355 3396 ipsa
370 3333 456 3378 canat
471 3339 631 3410 vocemque
645 3320 746 3378 volens
762 3333 848 3396 atque
863 3338 912 3377 ora
927 3315 1063 3376 resolvat.

294 3398 345 3459 illa
361 3399 414 3459 tibi
430 3398 533 3458 Italiae
545 3400 670 3477 populos
684 3415 865 3479 venturaque
880 3398 968 3471 bella,
