2568 4114
428 371 596 420 nsustnos
614 371 678 420 tta.
695 371 759 420 vtn
998 373 1046 436 2⁶5

182 502 274 564 auditi
289 502 421 561 referunt
433 501 583 577 gemitum,
599 501 783 579 striduntque
798 501 928 560 cavernis
1009 532 1048 568 4²0

181 585 333 643 stricturae
349 583 527 660 Chalybum,
543 597 573 640 et
587 581 752 640 fornacibus
767 581 841 658 ignis
856 583 983 653 anhelat,

181 663 310 724 Vulcani
326 664 438 736 domus,
454 679 484 723 et
498 663 645 722 Vulcania
659 663 779 722 nomine
794 662 890 722 tellus.

182 747 240 804 huc
257 760 327 803 tnnc
342 744 512 822 Ignipotens
527 744 609 802 caelo
623 743 776 802 descendit
791 743 826 801 ab
841 744 911 802 alto.

182 827 292 884 ferrum
306 825 480 883 exercebant
494 840 575 884 vasto
591 824 737 902 Cyclopes
751 823 783 882 in
799 839 893 895 antro,

182 907 364 984 Brontesque
376 907 569 984 Steropesque
584 921 613 964 et
628 906 722 964 nudus
737 904 866 964 membra
878 905 1048 982 Pyracmon.

182 986 225 1045 bis
240 986 429 1046 informatum
445 986 577 1045 manibus
592 986 650 1045 iam
663 1001 747 1064 parte
760 985 851 1063 polita

181 1067 293 1126 fulmen
309 1082 379 1138 erat,
395 1083 456 1125 toto
472 1067 597 1126 Genitor
611 1087 683 1145 qnae
698 1065 823 1144 plurima
838 1067 920 1124 caelo

180 1147 270 1207 deicit
282 1146 314 1206 in
331 1164 427 1219 terras,
441 1169 505 1225 pars
519 1147 681 1225 inperfecta
696 1147 840 1206 manebat.

180 1245 235 1288 tres
250 1228 349 1287 imbris
364 1228 431 1287 torti
447 1228 548 1300 radios,
565 1243 620 1286 tres
636 1227 721 1286 nubis
737 1248 858 1306 aquosae

179 1308 874 1384 affmmmmffimmwbmfflmAwm
1010 1338 1049 1376 ῳ

179 1390 302 1466 fulgores
317 1409 398 1448 nunc
415 1389 552 1448 terrificos
568 1389 753 1467 sonitumque
767 1405 936 1467 metumque

178 1471 338 1530 miscebant
352 1469 443 1548 operi,
457 1469 638 1548 flammisque
653 1469 822 1548 sequacibus
837 1469 898 1528 iras.

178 1566 258 1628 parte
273 1551 328 1609 alia
345 1550 435 1609 Marti
452 1570 628 1629 currumque
643 1565 776 1630 rotasque
791 1550 920 1609 volucres

178 1631 331 1704 instabant,
347 1631 451 1710 quibus
466 1630 518 1690 ille
534 1631 619 1703 viros,
634 1631 737 1711 quibus
753 1631 861 1690 excitat
875 1631 979 1699 urbes3

178 1711 332 1791 aegidaque
347 1713 528 1784 horriferam,
544 1713 675 1771 turbatae
691 1711 814 1771 Palladis
829 1731 916 1782 arma,

177 1793 308 1852 certatim
323 1794 448 1871 squamis
463 1808 630 1869 serpentum
645 1812 772 1870 auroque
787 1791 926 1870 polibant,

177 1893 359 1952 conexosque
376 1894 481 1949 angues
497 1873 645 1951 ipsamque
660 1872 691 1929 in
706 1887 822 1949 pectore
837 1871 917 1928 divae

177 1955 323 2031 Gorgona,
340 1955 456 2012 desecto
471 1968 633 2012 vertentem
649 1952 760 2010 lumina
775 1951 860 2012 collo.

158 2035 267 2094 ‘tollite
283 2033 406 2106 cuncta}
421 2033 528 2111 inquit,
544 2038 737 2111 ‘coeptosque
751 2033 860 2091 auferte
875 2032 992 2104 labores,

175 2116 296 2175 Aetnaei
312 2115 466 2192 Cyclopes,
481 2129 510 2172 et
523 2115 582 2172 hnc
598 2113 736 2174 advertite
751 2130 900 2173 mentem:
1009 2145 1048 2182 440

176 2217 255 2255 arma
270 2195 328 2255 acri
345 2194 479 2253 facienda
494 2195 565 2254 viro.
607 2215 686 2253 nunc
703 2194 810 2253 viribus
825 2216 900 2266 usus,

175 2297 255 2336 nune
270 2275 402 2335 manibus
419 2275 532 2353 rapidis,
548 2275 627 2334 omni
642 2295 722 2334 nunc
737 2291 797 2334 arte
811 2276 954 2351 magistra.

175 2355 927 2436 QOmmfflnmfflmffimmffi

175 2438 256 2498 ocius
269 2437 428 2497 incubuere
444 2457 544 2496 omnes
558 2437 721 2515 pariterque
736 2437 863 2494 laborem

176 2517 839 2597 mffiflfflmfflwfflmmfflm

176 2599 388 2678 vulnificusque
404 2599 522 2676 chalybs
538 2605 617 2656 vasta
632 2598 749 2656 fornace
764 2597 911 2676 liquescit.

176 2679 326 2756 ingentem
339 2681 468 2758 clipeum
484 2679 651 2750 informant,
669 2698 760 2737 unum
775 2679 873 2737 omnia
888 2693 988 2737 contra

177 2761 235 2818 tela
248 2761 427 2830 Latinorum,
444 2775 636 2838 septenosque
652 2759 767 2818 orbibus
782 2759 863 2818 orbes

177 2841 339 2920 inpediunt.
381 2841 430 2901 alii
447 2841 573 2900 ventosis
589 2840 706 2899 follibus
722 2861 802 2899 auras

177 2922 323 3001 accipiunt
338 2922 542 3001 redduntque3
563 2921 611 2979 alii
627 2921 776 2980 stridentia
789 2921 926 2996 tinguunt
1007 2949 1046 2986 4⁵0

177 3023 242 3061 aera
256 3004 321 3062 lacu
336 3025 343 3062 :
365 3003 455 3078 gemit
469 3001 600 3082 inpositis
615 3001 770 3060 incudibus
785 3016 909 3061 antrum.

177 3083 221 3141 illi
235 3083 312 3141 inter
327 3103 386 3142 sese
401 3081 492 3143 multa
507 3083 534 3141 vi
551 3082 685 3142 bracchia
701 3082 809 3141 tollunt

177 3163 208 3221 in
224 3183 388 3232 numerum,
404 3178 572 3244 versantque
588 3162 682 3222 tenaci
698 3163 808 3240 forcipe
823 3182 951 3222 massam.

218 3245 289 3302 haec
304 3259 384 3321 pater
397 3243 505 3302 Aeoliis
519 3257 652 3321 properat
667 3243 736 3301 dum
751 3243 891 3304 Lemnius
905 3244 968 3313 oris,

178 3324 345 3384 Euandrum
360 3343 396 3383 ex
410 3324 515 3383 humili
531 3340 610 3383 tecto
624 3323 674 3382 lux
690 3323 809 3383 suscitat
823 3326 898 3384 alma

430 3435 477 3484 423
495 3420 548 3471 hoe.
614 3435 661 3482 443
679 3429 702 3470 et
714 3421 757 3471 illi.
