2568 4114
428 367 595 415 AENEIDOS
613 367 675 416 LIB.
693 369 731 416 VI
986 385 1032 433 213

166 497 243 574 lapsa
257 495 367 554 cadunt
382 495 460 567 folia,
476 510 526 553 aut
541 496 577 554 ad
592 513 695 555 terram
709 499 822 574 gurgite
837 500 873 559 ab
887 501 945 558 alto
997 529 1035 569 310

166 596 253 657 quam
268 577 378 635 multae
391 577 588 652 glomerantur
602 599 677 649 aves,
692 579 741 636 ubi
756 579 875 656 frigidus
890 600 983 640 annus

166 671 243 717 trans
257 674 382 735 pontum
396 658 478 733 fugat
492 662 527 716 et'
537 657 619 717 terris
634 659 758 718 inmittit
773 661 884 737 apricis.

166 738 279 798 stabant
293 754 406 796 orantes
421 737 507 816 primi
523 738 718 799 transmittere
733 760 859 813 cursum,

166 819 383 896 tendebantque
398 838 500 877 manus
514 819 592 898 ripae
609 820 750 879 ulterioris
766 841 861 880 amore
870 847 879 894 ς

166 900 264 959 navita
279 899 328 958 sed
343 898 429 958 tristis
444 920 523 958 nunc
538 903 591 959 hos
607 921 686 960 nunc
702 902 808 980 accipit
822 903 897 974 illos,

167 996 209 1040 ast
224 980 293 1039 alios
308 981 394 1058 longe
409 981 555 1040 submotos
572 999 650 1041 arcet
664 984 781 1042 harena.

165 1061 277 1120 Aeneas
292 1061 410 1120 miratus
426 1061 505 1121 enim
520 1077 676 1142 motusque
691 1065 830 1136 tumultu,

147 1140 231 1212 ‘dic,'
245 1142 295 1213 ait,
311 1148 346 1200 ‘o
362 1143 451 1218 virgo,
465 1142 537 1221 quid
551 1144 616 1202 vult
630 1164 786 1203 concursus
801 1145 836 1202 ad
850 1149 988 1203 amnem?

167 1222 273 1301 quidve
287 1239 393 1300 petunt
407 1220 543 1282 animae?
565 1225 611 1282 vel
627 1245 685 1304 quo
700 1225 867 1284 discrimine
881 1226 954 1304 ripas

166 1306 220 1362 hae
235 1303 383 1382 linquunt,
398 1302 465 1362 illae
479 1305 565 1363 remis
581 1305 652 1364 vada
667 1305 754 1364 livida
769 1322 887 1365 verrunt
898 1305 921 1366 ξ’
1000 1337 1038 1376 320

167 1384 218 1444 olli
234 1384 273 1443 sie
289 1384 413 1443 breviter
426 1384 484 1443 fata
499 1401 542 1444 est
559 1387 698 1462 longaeva
712 1389 858 1447 sacerdos:

148 1464 292 1523 ‘Anchisa
306 1481 449 1543 generate,
465 1465 552 1525 deum
570 1467 727 1526 certissima
741 1470 843 1546 proles,

168 1545 273 1622 Cocyti
289 1563 386 1624 stagna
400 1547 458 1606 alta
472 1545 550 1607 vides
569 1549 755 1626 Stygiamque
769 1549 916 1627 paludem,

167 1627 195 1685 di
211 1626 293 1686 cuius
307 1628 400 1686 iurare
415 1628 520 1687 timent
535 1645 565 1686 ct
581 1629 682 1688 fallere
697 1649 817 1690 numen.

166 1709 237 1766 ha'ec
259 1708 362 1780 omnis,
381 1729 468 1789 quam
490 1709 594 1782 cernis,
616 1710 700 1789 inops
721 1710 929 1789 inhumataque
953 1711 1037 1769 turba

247 1804 308 1860 θεῖς

165 1869 289 1948 portitor
303 1869 354 1928 ille
370 1870 506 1940 Charon3
527 1869 567 1941 hi,
585 1889 657 1948 quos
673 1870 753 1927 vehit
769 1870 854 1943 unda,
870 1870 985 1950 sepulti.

166 1969 220 2008 nec
235 1950 310 2029 ripas
325 1950 408 2008 datur
421 1949 577 2008 horrendas
595 1965 625 2008 et
638 1971 723 2009 rauca
737 1949 847 2010 fluenta

167 2045 359 2108 transportare
373 2029 463 2108 prius,
479 2050 565 2108 quam
582 2030 696 2090 sedibus
712 2051 772 2090 ossa
787 2031 933 2111 quierunt.

167 2127 287 2171 centum
302 2125 398 2169 errant
414 2130 504 2168 annos
521 2110 704 2191 volitantque
719 2114 791 2172 haec
807 2113 891 2172 litora
905 2113 1015 2172 circum
1029 2137 1038 2184 ;

167 2207 231 2251 tum
245 2192 364 2250 demum
380 2188 493 2248 admissi
512 2207 610 2266 stagna
626 2208 762 2270 exoptata
776 2192 922 2254 revisunt.'
1000 2224 1039 2263 330

166 2271 297 2332 constitit
310 2270 438 2330 Anchisa
453 2286 527 2330 satus
544 2289 574 2330 et
588 2273 706 2348 vestigia
720 2275 828 2351 pressit,

165 2354 258 2413 multa
272 2367 386 2432 putans,
402 2368 563 2432 sortemque
582 2353 670 2411 animi
688 2353 837 2412 miseratus
850 2353 991 2434 iniquam.

166 2433 260 2493 cernit
275 2434 315 2493 ihi
331 2450 452 2492 maestos
467 2450 496 2492 et
513 2434 613 2492 mortis
629 2436 738 2494 honore
753 2451 881 2494 carentes

166 2515 338 2593 Leucaspim
354 2531 382 2573 et
397 2514 505 2592 Lyciae
522 2516 672 2574 ductorem
692 2515 787 2574 classis
803 2517 949 2587 Oronten,

166 2617 237 2674 quos
252 2596 336 2655 simul
352 2617 368 2654 a
383 2596 473 2654 Troia
488 2613 607 2656 ventosa
626 2618 677 2675 per
692 2617 815 2676 aequora
829 2612 926 2656 vectos

166 2677 263 2736 obruit
276 2678 390 2749 Auster,
406 2699 478 2756 aqua
493 2678 646 2747 involvens
664 2699 826 2758 navemque
840 2678 981 2757 virosque.

207 2778 275 2817 ecce
289 2761 464 2834 gubernator
478 2780 537 2820 sese
554 2760 706 2818 Palinurus
722 2761 830 2836 agebat,

166 2838 216 2916 qui
232 2839 343 2917 Libyco
357 2860 450 2918 nuper
464 2859 559 2911 cursu,
573 2841 644 2899 dum
660 2841 751 2899 sidera
765 2857 866 2912 servat,

167 2920 314 2979 exciderat
328 2921 418 2998 puppi
433 2920 535 2980 mediis
550 2921 655 2980 effusus
670 2921 701 2979 in
717 2921 812 2981 undis.

165 3000 245 3060 hunc
261 3001 310 3060 ubi
324 3001 374 3060 vix
389 3002 481 3060 multa
495 3018 638 3060 maestum
654 3002 790 3077 cognovit
805 3001 836 3060 in
853 3003 964 3076 umbra,
1000 3031 1038 3071 ³40

167 3081 207 3140 sic
222 3081 299 3158 prior
313 3082 496 3161 adloquitur:
520 3083 601 3162 ‘quis
617 3099 655 3155 te,
673 3083 818 3155 Palinure,
834 3083 953 3142 deorum

167 3162 274 3240 eripuit
288 3161 380 3234 nobis,
395 3163 549 3242 medioque
564 3164 615 3222 sub
631 3184 754 3242 aequore
770 3163 889 3223 mersit?

167 3243 214 3301 dic
230 3262 290 3318 age.
332 3263 457 3322 namque
472 3243 554 3317 mihi,
569 3245 658 3304 fallar
672 3245 751 3303 haud
765 3261 832 3305 ante
846 3261 984 3323 repertus,

166 3324 221 3383 hoc
237 3343 296 3382 uno
312 3343 449 3404 responso
464 3324 594 3383 animum
609 3325 715 3384 delusit
728 3326 846 3404 Apollo,

504 3433 550 3482 332
568 3435 654 3469 animo.
