2568 4114
233 366 281 428 236
511 361 539 412 r.
556 359 699 411 vastum
717 360 875 410 uuuoms

273 491 450 552 Auruncos'
442 507 482 550 tta
498 492 570 550 ferre
586 509 676 563 senes,
692 491 736 550 his
751 505 830 549 ortus
845 505 877 548 ut
892 489 964 566 agris

273 573 428 633 Dardanus
443 572 543 632 Idaeas
560 572 700 649 Phrygiae
715 570 873 650 penetrarit
888 571 925 629 ad
940 571 1033 643 urbes,

274 653 506 730 Threiciamque
518 653 647 724 Samum,
659 673 734 731 quae
746 672 824 710 nunc
835 651 1032 710 Samothracia
1042 649 1145 710 fertur.

273 734 344 793 hinc
359 734 446 793 illum
462 733 586 810 Corythi
603 733 760 810 Tyrrhena
774 733 810 791 ab
824 732 889 790 sede
904 731 1068 809 profectum

274 835 358 874 aurea
373 835 452 873 nunc
468 814 540 873 solio
556 814 700 872 stellantis
715 814 791 890 regia
805 813 876 872 caeli
1107 841 1148 870 210

275 896 392 974 accipit,
409 910 438 954 et
453 915 608 954 numerum
618 895 751 953 divorum
765 893 901 953 altaribus
916 891 1019 968 suget?

315 975 448 1048 dixerat3
470 991 499 1034 et
514 975 593 1035 dicta
608 975 738 1034 Ilioneus
753 975 793 1034 sic
807 995 879 1033 voce
893 988 1006 1032 secutus
1022 995 1029 1032 :

254 1063 334 1130 ‘rex,
350 1077 439 1133 genus
456 1057 602 1133 egregium
618 1055 720 1128 Fauni,
736 1075 791 1114 nec
802 1054 939 1114 fluctibus
954 1069 1033 1115 actos

275 1153 335 1197 atra
350 1138 461 1214 subegit
476 1137 590 1215 hiemps
603 1137 704 1196 vestris
720 1136 875 1195 succedere
890 1134 981 1208 terris,

275 1238 330 1277 nec
345 1217 423 1276 sidus
437 1218 554 1294 regione
570 1217 632 1276 viae
647 1217 753 1276 litusve
768 1217 875 1276 fefellit
889 1240 899 1284 ς

275 1298 399 1358 consilio
413 1300 488 1358 hauc
504 1319 605 1358 omnes
619 1298 781 1377 animisque
795 1297 961 1356 volentibus
976 1297 1076 1355 urbem

276 1379 443 1450 adferimur,
458 1379 534 1457 pulsi
550 1379 655 1454 regnis,
670 1399 745 1457 quae
758 1377 884 1437 maxima
898 1377 1045 1456 quondam

276 1475 407 1518 extremo
420 1458 541 1518 veniens
559 1460 607 1518 Sol
623 1459 781 1536 aspiciebat
796 1459 935 1538 Olympo.

189 1539 197 1556 ⁶
276 1540 312 1599 ab
327 1541 399 1598 Iove
413 1539 593 1617 principium
607 1539 719 1615 generis
733 1564 742 1611 ;
763 1540 834 1599 Iove
848 1539 981 1599 Dardana
995 1539 1086 1617 pubes

275 1620 384 1698 gaudet
399 1640 473 1691 avo
465 1645 473 1658 ·
494 1640 544 1679 rer
559 1620 622 1698 ipse
636 1620 713 1679 Iovis
729 1621 766 1680 de
780 1636 866 1697 gente
872 1640 1023 1714 suprema,
1107 1648 1148 1678 m

277 1702 385 1761 Troius
399 1702 525 1773 Aeneas,
540 1716 598 1760 tua·
604 1721 656 1759 nos
672 1701 708 1759 ad
723 1701 825 1761 limina
840 1701 927 1760 misit.

276 1797 384 1860 quanta
399 1803 451 1860 per
465 1782 567 1841 Idaeos
582 1781 672 1840 saevis
688 1782 778 1841 effusa
793 1781 928 1860 Mycenis

277 1878 433 1941 tempestas
446 1862 512 1922 ierit
527 1882 652 1941 campos,
668 1862 772 1941 quibus
787 1879 867 1921 actus
881 1877 1002 1940 uterque

278 1944 411 2022 Europae
426 1958 513 2022 atque
527 1943 612 2002 Asiae
624 1943 691 2002 fatis
703 1943 881 2003 concurrerit
896 1943 980 2012 orbis,

277 2024 379 2096 audiit,
395 2023 462 2083 etsi
477 2042 565 2102 quem
580 2023 667 2083 tellus
682 2040 811 2084 extrema
825 2024 921 2083 refuso

278 2103 429 2164 submovet
445 2103 576 2176 Oceano,
591 2120 621 2164 et
635 2105 658 2164 si
672 2125 760 2184 quem
776 2120 894 2164 extenta
907 2105 1056 2182 plagarum

278 2200 414 2264 quattuor
427 2184 459 2244 in
473 2183 570 2244 medio
584 2185 696 2245 dirimit
710 2184 793 2264 plaga
806 2185 902 2244 Solis
894 2185 996 2280 iniqui.

277 2265 389 2324 diluvio
405 2285 441 2325 ex
455 2265 507 2324 illo
521 2281 564 2326 tot
578 2282 657 2325 vasta
662 2287 724 2360 per
737 2287 862 2345 aequora
874 2265 952 2326 vecti

277 2346 322 2404 dis
336 2345 433 2406 sedem
448 2346 581 2422 exiguam
594 2347 695 2426 patriis
709 2347 836 2425 litusque
851 2367 982 2423 rogamus

278 2427 449 2499 innocuum,
465 2443 494 2486 et
509 2427 622 2487 cunctis
636 2428 804 2506 undamque
816 2448 972 2506 auramque
986 2441 1147 2504 patentem.

278 2528 338 2566 non
353 2508 459 2567 erimus
474 2528 563 2584 regno
577 2507 735 2581 indecores,
751 2528 806 2568 nec
820 2524 912 2567 vestra
927 2509 1033 2567 feretur
1110 2536 1147 2576 ομ

278 2589 355 2647 fama
370 2588 452 2662 levis,
467 2588 601 2667 tantique
615 2589 762 2649 abolescet
775 2589 866 2665 gratia
881 2589 962 2661 facti,

278 2688 334 2728 nec
350 2669 471 2728 Troiam
484 2669 627 2728 Ausonios
641 2669 751 2746 gremio
765 2669 912 2748 excepisse
926 2668 1046 2748 pigebit.

279 2750 338 2808 fata
352 2771 405 2827 per
418 2749 558 2809 Aeneae
551 2770 614 2809 turo
628 2751 818 2830 dextramque
830 2766 992 2843 potentem,

279 2830 338 2888 sive
352 2830 410 2890 fide
424 2851 474 2890 seu
490 2828 553 2910 quis
568 2830 647 2890 bello
661 2847 704 2891 est
718 2847 852 2909 expertus
867 2846 897 2890 et
911 2830 1017 2900 armis;

279 2911 366 2970 multi
381 2932 432 2970 nos
447 2911 560 2990 populi,
576 2911 765 2972 multae-ne
780 2928 888 2984 temne,
903 2911 982 2989 quod
996 2909 1074 2968 ultro

279 2991 466 3069 praeferimus
481 2992 613 3051 manibus
627 2993 714 3052 vittas
729 3014 762 3052 ac
776 2992 864 3052 verba
877 2990 1069 3070 precantia-

281 3087 310 3130 et
323 3072 436 3149 petiere
450 3073 504 3132 sibi
521 3088 551 3133 et
564 3073 682 3133 voluere
697 3073 853 3149 adiungere
867 3087 977 3149 gentes.

278 3152 330 3210 sed
344 3172 395 3210 nos
411 3153 468 3212 fata
482 3154 572 3214 deum
586 3171 691 3214 vestras
707 3154 855 3233 exquirere
871 3168 957 3213 terras

279 3232 407 3310 imperiis
424 3253 505 3309 egere
519 3235 587 3295 suis.
628 3236 697 3295 hinc
713 3235 864 3294 Dardanus
878 3249 980 3304 ortus,
1112 3258 1151 3297 ²4⁰

279 3313 337 3373 huc
352 3314 460 3392 repetit
473 3315 612 3394 iussisque
627 3315 792 3393 ingentibus
807 3331 910 3392 urguet
923 3313 1031 3392 Apollo

458 3422 505 3470 ²07
523 3408 659 3472 pmenvit
726 3423 773 3471 237
791 3417 934 3471 precantum.
