2568 4114
252 349 299 395 214
519 332 546 382 P.
564 331 707 382 VERGILI
724 331 881 382 MARONIS

291 485 342 542 qur
333 462 417 522 fore
432 481 462 522 te
476 480 566 541 ponto
581 463 759 522 ineolumem
774 462 902 542 finesque
917 465 1039 523 canebat

291 559 446 624 venturum
460 543 615 604 Ausonios.
657 563 693 602 en
708 546 779 603 haec
793 544 932 636 promissa
947 543 1016 603 fides
1031 544 1109 604 estl’

291 624 342 684 ille
358 641 473 684 autem:
496 629 605 704 ‘neque
619 640 649 684 te
666 624 776 684 Phoebi
792 625 902 683 cortina
917 624 1032 696 fefellit,

291 704 348 764 dux
363 705 550 778 Anchisiade,
565 725 619 764 nec
635 725 681 764 me
696 706 766 764 deus
781 726 904 783 aequore
919 706 1027 765 mersit.

291 806 416 866 namque
430 785 647 862 gubernaclum,
662 786 755 846 multa
770 807 798 844 vt
791 786 888 845 forte
901 787 1057 857 revulsum,

291 887 338 926 cur
330 867 436 926 datus
450 866 603 950 haerebam
618 882 713 926 custos
729 885 884 945 cursusque
898 867 1041 958 regebam,
1118 897 1163 937 ³⁵0

290 946 482 1026 praecipitans
495 941 567 1006 traxi
582 967 707 1006 mecum.
751 947 838 1006 maria
853 968 950 1025 aspera
964 947 1028 1006 iuro

291 1048 350 1087 non
364 1029 458 1087 ullum
471 1048 525 1106 pro
540 1047 587 1086 me
602 1043 716 1088 tantum
718 1027 837 1120 cepisse
853 1028 995 1120 timorem,

291 1129 378 1187 quam
392 1124 442 1168 tua
456 1129 503 1181 ne,
519 1108 639 1186 spoliata
655 1107 749 1180 armis,
765 1127 883 1168 excussa
898 1107 1043 1184 magistro,

290 1189 426 1249 deficeret
442 1189 528 1248 tantis
543 1188 623 1248 navis
637 1189 819 1266 surgentibus
834 1189 927 1249 undis.

291 1285 347 1329 tres
360 1270 458 1329 Notus
471 1270 606 1328 hibernas
622 1269 753 1328 inmensa
767 1291 818 1349 per
832 1289 955 1348 aequora
970 1284 1069 1328 noctes

290 1350 370 1409 vexit
383 1369 431 1408 me
445 1349 589 1409 violentus
604 1371 678 1429 aqua
690 1375 699 1421 3
719 1350 768 1409 vix
783 1350 894 1408 lumine
908 1365 1010 1428 quarto

290 1429 423 1508 prospexi
438 1429 554 1488 Italiam
569 1451 680 1490 summa
695 1430 825 1502 sublimis
841 1432 876 1492 ab
891 1431 977 1489 unda.

290 1509 432 1588 paulatim
446 1510 587 1569 adnabam
603 1526 716 1582 terrae,
707 1537 715 1550 ·
737 1511 795 1570 iam
809 1526 872 1571 tuta
887 1511 1030 1584 tenebam,

291 1591 321 1650 ni
335 1611 405 1668 gens
419 1590 543 1649 crudelis
558 1591 671 1650 madida
686 1613 753 1651 cum
768 1609 847 1652 veste
861 1608 1008 1668 gravatum

290 1687 532 1765 prensantemque
547 1672 629 1731 uncis
644 1673 776 1732 manibus
792 1673 887 1752 capita
902 1693 999 1751 aspera
1012 1671 1121 1732 montis

291 1751 388 1811 ferro'
380 1752 538 1825 invasisset,
552 1739 769 1832 praedamque
761 1774 859 1829 ignara
872 1768 1010 1833 putasset.
1117 1771 1157 1822 361

291 1853 369 1894 nunc
383 1853 431 1892 me
445 1832 550 1893 fluctus
564 1834 662 1906 habet,
676 1850 849 1914 versantque
863 1834 894 1892 in
909 1834 992 1892 litore
1007 1832 1099 1892 venti.

291 1914 369 1992 quod
383 1929 412 1972 te
425 1935 478 1992 per
491 1913 564 1976 caeli
579 1914 739 1974 iucundum
755 1915 854 1973 lumen
869 1929 898 1974 et
912 1934 1001 1985 auras,

290 2015 342 2072 per
354 1995 515 2071 genitorem
529 2015 589 2068 oro,
603 2015 656 2073 per
670 2016 732 2074 spes
748 1995 887 2070 surgentis
902 1994 969 2067 Iuli,

291 2074 370 2153 eripe
385 2094 432 2134 me
446 2075 523 2148 his,
515 2075 634 2147 invicte,
649 2076 748 2135 malis:
770 2091 819 2136 aut
835 2092 865 2136 tu
880 2075 952 2135 mihi
967 2091 1073 2135 terram

291 2155 378 2228 inice,
392 2176 517 2234 namque
531 2172 622 2249 potes,
637 2172 795 2236 portusque
811 2155 923 2248 require
938 2157 1083 2227 Velinos3

291 2249 338 2295 aut
352 2250 394 2309 tu,
408 2236 430 2295 si
445 2257 501 2315 qua
515 2237 561 2295 via
576 2253 628 2309 est,
643 2237 665 2296 si
680 2257 767 2315 quam
782 2237 835 2296 tibi
850 2235 915 2295 diva
929 2236 1054 2296 creatrix

290 2317 551 2396 ostendit-neque
566 2316 653 2389 enim,
669 2317 801 2390 credo,'
780 2338 841 2376 sine
856 2316 976 2375 numine
989 2317 1088 2375 divom

290 2396 410 2457 flumina
423 2412 502 2458 tanta
515 2418 596 2491 paras
612 2395 822 2477 Stygiamque
813 2417 914 2457 rnnare
928 2396 1109 2476 paludem—

290 2477 326 2537 da
340 2478 471 2538 dextram
485 2479 597 2551 misero,
614 2493 643 2537 et
658 2493 756 2539 tecum
771 2495 819 2537 me
834 2479 905 2538 tolle
918 2499 971 2556 per
985 2477 1094 2548 undas3
1117 2505 1157 2546 3⁷0

289 2558 403 2618 sedibus
418 2575 450 2618 ut
464 2559 565 2618 saltem
579 2559 745 2653 placidiam
760 2576 852 2618 morte
866 2555 1033 2638 quiescam'

290 2639 358 2698 talia
371 2640 446 2698 fatus
461 2655 530 2713 erat,
546 2640 642 2717 coepit
656 2661 723 2700 cum
738 2640 806 2700 talia
820 2656 915 2699 vates:

272 2720 367 2778 ‘unde
380 2721 495 2792 haec,o
511 2721 657 2792 Palinure,
671 2720 725 2780 tibi
740 2737 799 2781 tam
814 2720 875 2780 dira
890 2721 1016 2798 cupido?
1081 2754 1086 2762 ·

291 2815 321 2859 tu
338 2801 446 2878 Stygias
460 2799 625 2860 inhumatus
641 2823 727 2895 aquas
742 2822 915 2895 amnemque
929 2819 1061 2860 severum

291 2882 487 2941 Eumenidum
501 2881 629 2960 aspicies,
644 2883 771 2960 ripamve
786 2882 907 2942 iniussus
921 2879 1031 2940 adibis?

290 2960 388 3021 desine
403 2963 461 3021 fata
475 2963 564 3022 deum
579 2962 658 3022 flecti
672 2983 783 3042 sperare
798 2961 952 3040 precando.

291 3042 341 3101 sed
354 3063 424 3120 cape
439 3043 517 3103 dicta
532 3064 651 3116 memor,
667 3043 731 3102 duri
746 3043 850 3102 solacia
864 3063 965 3102 casus:

290 3142 358 3180 nam
373 3138 423 3181 tua
437 3123 563 3196 finitimi,
578 3125 663 3202 longe
678 3124 794 3204 lateque
809 3145 859 3202 per
873 3125 955 3184 urbes

290 3202 425 3282 prodigiis
439 3203 494 3263 acti
509 3205 688 3277 caelestibus,
703 3225 764 3264 ossa
778 3205 918 3282 piabunt,

291 3300 320 3344 et
333 3298 461 3343 statuent
475 3284 630 3355 tumulum,
646 3301 676 3343 et
690 3285 803 3344 tumulo
818 3285 970 3345 sollemnia
984 3285 1113 3357 mittent,

290 3378 498 3440 aeternumque
513 3363 593 3425 locus
610 3363 738 3424 Palinuri
753 3385 860 3424 nomen
874 3364 1012 3424 habebit?
