2556 4116
408 362 593 411 BUCOLICAs
611 363 681 411 ECL.
698 363 722 410 X

151 499 239 557 illurn
253 497 340 556 etiam
356 497 437 568 lauri,
452 488 538 556 eiiam
552 497 657 560 flevere
672 499 796 575 myricae
808 525 818 570 3

150 580 261 657 pinifer
275 578 360 637 illum
376 577 462 637 etiam
477 579 535 636 sola
549 579 601 638 sub
616 600 686 658 rupe
701 580 844 640 iacentem

153 660 308 720 Maenalus
324 675 353 718 et
366 659 453 734 gelidi
468 659 611 718 fleverunt
626 681 691 720 saxa
704 661 820 737 Lycaei.

152 757 230 800 stant
244 756 273 799 et
288 761 354 798 oves
369 740 613 800 circum—nostri
627 762 682 800 nec
698 740 827 820 paenitet
841 742 912 816 illas,

152 843 210 880 nec
226 838 255 880 te
269 821 415 899 paeniteat
430 822 550 898 pecoris,
565 822 662 882 divine
677 838 782 902 poeta:

33 969 38 980 .
75 949 77 954 .
153 919 184 962 et
199 904 339 961 formosus
353 923 420 960 oves
434 903 470 960 ad
484 902 607 962 flumina
619 903 699 981 pavit
712 903 865 962 Adonis-

151 983 236 1042 venit
251 999 280 1041 et
295 983 394 1061 upilio,
410 983 482 1042 tardi
499 1004 603 1044 venere
619 985 743 1056 subulci,

153 1064 257 1123 uvidus
271 1064 393 1128 hiberna
406 1064 486 1123 venit
502 1063 538 1124 de
553 1065 658 1142 glande
675 1066 833 1125 Menalcas.
998 1096 1024 1124 ao

18 1191 33 1221 q.
151 1166 254 1204 omnes
270 1146 365 1204 unde
375 1165 453 1204 amor
465 1147 536 1218 rste,
548 1162 658 1222 rogant,
670 1145 779 1205 ‘tibil’
800 1146 881 1205 venit
894 1147 1021 1224 Apollo:

23 1232 43 1323 q
133 1235 141 1262 ‘
154 1227 255 1298 Galle,
270 1226 362 1319 quid
354 1227 460 1286 rnsanis
473 1225 529 1285 ι’
521 1227 639 1306 inquit3
660 1233 727 1286 ‘tua
741 1248 809 1286 cura
823 1227 940 1304 Lycoris

27 1334 45 1426 y
153 1328 264 1400 perque
279 1307 360 1366 nives
374 1307 463 1366 aliurn
477 1328 588 1386 perque
602 1308 715 1366 horrida
729 1323 819 1366 castra
832 1323 930 1367 secuta
944 1307 1003 1368 est!

153 1389 236 1448 venit
251 1404 279 1448 et
294 1388 395 1464 agresti
410 1389 512 1466 capitis
530 1389 662 1448 Silvanus
675 1391 784 1448 honore

154 1470 290 1530 florentes
306 1470 409 1528 ferulas
424 1486 453 1530 et
467 1470 584 1545 grandia
599 1470 660 1528 lilia
675 1490 816 1548 quassans.

155 1551 217 1610 Pan
230 1552 302 1609 deus
315 1550 454 1611 Arcadiae
470 1552 559 1622 venit,
576 1571 663 1629 quem
678 1551 802 1610 vidimus
817 1551 870 1629 ipsi

154 1631 317 1707 sanguineis
332 1631 411 1690 ebuli
426 1631 522 1692 baccis
537 1631 687 1711 minioque
701 1632 864 1691 rubentem.

134 1719 143 1746 ‘
155 1713 255 1791 ecquis
267 1712 322 1771 erit
333 1713 434 1772 modus
444 1711 471 1770 ι’
488 1713 584 1792 inquit
596 1737 605 1784 3
626 1713 735 1772 ‘Amor
746 1733 806 1772 non
819 1712 886 1770 talia
897 1727 977 1773 curat
989 1737 998 1783 ;

154 1814 210 1852 nec
226 1793 349 1852 lacrimis
364 1794 488 1852 crudelis
505 1795 604 1865 Amor,
620 1814 676 1852 nec
691 1793 818 1869 gramina
831 1792 907 1863 rivis,

155 1894 211 1934 nec
226 1875 318 1952 cytiso
332 1890 493 1934 saturantur
511 1895 583 1953 apes,
600 1896 655 1934 nec
670 1875 772 1934 fronde
787 1874 931 1952 capellae?
1001 1903 1027 1943 30

155 1956 244 2014 tristis
258 1971 286 2013 at
300 1955 351 2015 ille
365 1963 481 2014 ‘tamen
498 1957 662 2027 cantabitis,
676 1954 822 2026 Arcades‚'
836 1955 942 2034 inquit,

135 2037 301 2095 ‘montibus
316 2037 387 2096 haec
403 2037 499 2095 vestris
515 2060 523 2096 :
545 2037 598 2096 soli
614 2054 728 2096 cantare
743 2036 827 2115 periti

156 2117 290 2176 Arcades.
331 2138 349 2175 o
363 2117 435 2177 mihi
451 2134 514 2178 tum
530 2139 617 2197 quam
631 2119 759 2177 molliter
773 2139 833 2176 ossa
847 2117 1006 2197 quiescant,

157 2213 248 2257 vestra
263 2218 343 2256 meos
357 2199 461 2257 olim
442 2220 463 2257 ss
480 2199 574 2258 fistula
589 2199 666 2257 dicat
680 2200 808 2259 amores!

157 2295 241 2357 atque
257 2279 368 2339 utinam
383 2300 418 2338 ex
432 2280 512 2338 vobis
530 2301 603 2338 unus
618 2280 760 2358 vestrique
775 2279 892 2337 fuissem

158 2375 207 2418 aut
221 2376 315 2418 custos
328 2361 419 2437 gregis
434 2377 483 2420 aut
499 2377 625 2420 maturae
640 2359 748 2418 vinitor
762 2359 852 2418 uvae!

58 2482 65 2503 t
158 2457 236 2499 certe
251 2441 310 2500 sive
325 2441 397 2500 mihi
414 2441 560 2519 Phyllis
540 2462 598 2501 save
614 2456 686 2500 esset
698 2441 839 2533 Amyntas

158 2542 208 2580 seu
223 2522 400 2601 quicumque
415 2523 616 2602 imon—quid
632 2538 704 2593 tum,
719 2541 741 2579 ιι
734 2521 852 2578 fuscus
865 2520 1028 2595 Amyntas?

159 2620 188 2661 et
203 2603 300 2679 nigrae
314 2603 405 2663 violae
420 2622 487 2663 sunt
502 2620 532 2662 et
547 2604 677 2662 vaccinia
692 2603 813 2679 nigra-

158 2704 276 2744 mecum
290 2684 367 2744 inter
381 2685 479 2744 salices
495 2686 574 2744 lenta
590 2685 644 2744 sub
657 2684 715 2742 vite
730 2684 857 2742 iaceret:
1003 2711 1029 2750 4⁰

158 2781 233 2824 serta
246 2765 319 2824 mihi
336 2766 444 2844 Phyllis
460 2767 576 2843 legeret,
594 2781 724 2824 cantaret
736 2765 885 2840 Amyntas.

158 2846 207 2904 hic
222 2847 310 2923 gelidi
325 2848 429 2919 fontes,
443 2847 491 2906 hic
507 2847 606 2905 mollia
622 2861 709 2924 prata,
725 2844 839 2922 Lycori‚

73 2974 80 2985 .
158 2927 208 2984 hic
223 2947 347 2995 nemus3
368 2928 439 2986 hic
431 2949 492 3006 ipso
506 2943 603 2986 tecum
620 2946 804 2986 consumerer
819 2945 898 3018 aeyo.

46 3059 51 3076 ,
159 3026 239 3066 nunc
255 3008 370 3066 insanus
386 3029 466 3067 amor
479 3008 542 3067 duri
559 3028 605 3067 me
622 3007 771 3066 Martiam
786 3005 870 3064 armis

59 3108 64 3114 ·
160 3088 240 3146 tela
232 3104 308 3148 inter
322 3089 417 3148 media
431 3105 517 3168 atque
532 3090 662 3147 adversos
676 3088 789 3147 detinet
803 3088 916 3145 hostes:

158 3183 191 3228 tu
207 3170 308 3246 procul
324 3191 340 3228 a
354 3169 537 3247 patria-nec
553 3169 589 3227 sit
604 3168 675 3226 mihi
692 3168 809 3226 credere
826 3183 979 3226 tantum—

158 3250 294 3328 Alpinas,
308 3271 324 3308 a
337 3250 462 3321 dura,
433 3271 513 3309 nsves
529 3265 558 3308 et
572 3249 676 3325 frigora
691 3249 787 3307 Rheni

59 3325 65 3344 '
159 3330 286 3390 mesine
301 3332 359 3389 sola
373 3332 462 3391 vides.
504 3351 529 3402 a,
544 3344 573 3388 te
588 3350 625 3388 ne
640 3329 743 3405 frigora
757 3327 891 3388 laedant!

366 3439 398 3474 20
414 3423 515 3474 umidus.
582 3424 612 3471 28
630 3424 722 3486 etquis.
