2562 4114
433 365 600 414 ABNEIDOS
617 365 680 414 LIB.
698 365 722 411 X
985 377 1030 426 315

166 511 239 566 tum,
254 495 374 555 latebras
388 495 508 564 animae,
524 509 623 570 pectus
638 511 777 552 mucrone
790 492 924 552 recludit.

166 577 233 636 talia
246 596 297 656 pet
312 596 426 652 campos
441 575 542 633 edebat
558 575 658 633 funera
671 574 773 632 ductor
812 630 814 638 s

165 656 335 726 Dardanius,
351 655 484 714 torrentis
498 676 586 734 aquae
601 655 647 714 vel
663 653 785 714 turbinis
799 655 852 714 atri

165 757 243 798 more
258 739 364 797 furens.
406 736 521 796 tandem
536 750 692 814 erumpunt
706 751 735 795 et
751 751 840 795 castra
854 735 1022 815 relinquunt

165 818 305 878 Ascanius
320 838 390 896 puer
404 833 432 876 et
447 816 623 896 nequiquam
637 817 747 876 obsessa
760 817 904 876 iuventus.

206 900 350 958 Iunonem
365 899 475 958 interea
489 898 644 975 compellat
658 897 789 974 Iuppiter
803 897 896 956 ultro:

144 987 183 1038 ‘o
197 1000 330 1056 germana
344 979 416 1039 mihi
431 995 517 1058 atque
533 979 632 1037 eadem
646 977 801 1054 gratissima
816 977 955 1048 coniunx,

166 1076 198 1120 ut
212 1061 319 1132 rebare,
333 1061 530 1119 Venus—nec
546 1075 574 1118 te
589 1059 729 1118 sententia
745 1059 861 1117 fallit—

165 1141 306 1200 Troianas
319 1156 459 1200 sustentat
475 1160 552 1218 opes,
567 1159 625 1198 non
640 1139 735 1198 vivida
750 1139 826 1197 bello

164 1222 264 1280 dextra
277 1221 344 1280 viris
358 1221 527 1299 animusque
543 1221 622 1278 ferox
638 1219 805 1297 patiensque
819 1218 942 1297 pericli.'
995 1238 1033 1278 610

165 1302 212 1361 cui
229 1303 304 1360 luno
317 1301 472 1360 submissa:
494 1301 592 1378 ‘quid
608 1321 625 1359 o
639 1300 833 1378 pulcherrime
848 1299 986 1371 coniunx,

164 1383 299 1442 sollicitas
314 1402 427 1459 aegram
442 1397 471 1440 et
486 1397 535 1440 tua
549 1381 639 1440 tristia
652 1381 730 1440 dicta
744 1381 915 1439 timentem?

164 1463 186 1521 si
202 1463 284 1534 mihi,
299 1483 371 1542 quae
385 1463 529 1542 quondam
545 1462 646 1532 fuerat,
660 1481 805 1540 quamque
819 1481 880 1525 esse
892 1461 1022 1532 decebat,

164 1543 206 1601 vis
221 1544 251 1602 in
266 1564 361 1602 amore
376 1543 466 1602 foret!
511 1563 570 1601 non
585 1544 640 1601 hoc
655 1542 727 1601 mihi
743 1561 867 1620 namque
882 1562 1007 1618 negares,

166 1623 357 1702 omnipotens,
372 1623 444 1702 quin
461 1639 489 1684 et
504 1643 618 1701 pugnae
633 1623 791 1682 subducere
807 1624 955 1694 Turnum,

164 1721 192 1763 et
206 1705 311 1765 Dauno
325 1725 435 1782 possem
451 1705 629 1764 incolumem
644 1723 753 1762 servare
768 1703 890 1780 parenti.

164 1806 242 1844 nunc
257 1801 363 1863 pereat,
380 1785 562 1864 Teucrisque
577 1785 624 1861 pio
638 1785 686 1842 det
701 1783 839 1859 sanguiue
853 1803 968 1860 poenas.

164 1865 213 1924 ille
228 1880 325 1924 tamen
340 1882 434 1924 nostra
449 1865 566 1924 deducit
581 1864 690 1940 origine
705 1884 823 1933 nomen,

165 1947 373 2026 Pilumnusque
388 1945 432 2003 illi
447 1960 564 2022 quartus
579 1959 677 2021 patet3
698 1959 726 2001 et
741 1959 790 2002 tua
804 1944 880 2020 larga

163 2048 244 2104 saepe
259 2046 346 2085 manu
361 2025 516 2104 multisque
532 2024 660 2083 oneravit
674 2023 775 2083 limina
789 2024 889 2083 donis?
988 2021 1033 2084 ‘620

163 2107 211 2167 cui
226 2127 277 2166 rex
290 2105 410 2166 aetherii
427 2105 548 2165 breviter
563 2105 603 2164 sic
619 2105 694 2164 fatur
709 2105 847 2182 Olympi:

142 2188 187 2247 ‘si
201 2208 280 2246 mora
295 2186 449 2266 praesentis
465 2185 514 2244 leti
530 2201 700 2263 tempusque
715 2186 824 2246 caduco

163 2285 259 2328 oratur
273 2268 382 2339 iuveni,
397 2287 501 2345 meque
518 2268 572 2324 hoc
588 2265 628 2326 ita
641 2285 748 2344 ponere
762 2267 859 2337 sentis,

163 2350 232 2409 tolle
248 2351 315 2426 fuga
328 2348 465 2407 Turnum
481 2364 566 2426 atque
582 2346 753 2407 instantibus
768 2347 846 2424 eripe
861 2347 935 2407 fatis.

162 2433 300 2490 hactenus
315 2429 465 2489 indulsisse
480 2443 570 2488 vacat.
613 2428 656 2486 sin
672 2427 755 2486 altior
769 2427 829 2486 istis

162 2512 214 2570 sub
228 2509 360 2589 precibus
374 2510 458 2569 venia
474 2511 533 2568 ulla
547 2511 625 2580 latet,
642 2523 793 2587 totumque
807 2508 914 2568 moveri

163 2593 303 2652 mutarive
316 2606 399 2670 putas
413 2590 535 2661 bellum,
549 2611 611 2668 spes
626 2589 716 2666 pascis
730 2587 847 2648 inanes?

163 2690 191 2733 et
205 2674 280 2732 Iuno
295 2673 500 2732 adlacrimans:
522 2671 610 2750 ‘quid
624 2671 659 2741 si,
673 2690 745 2749 quae
760 2689 830 2729 voce
844 2669 972 2744 gravaris,

163 2770 259 2813 mente
272 2755 364 2825 dares,
378 2769 462 2832 atque
478 2754 549 2812 haec
564 2753 669 2812 Turno
683 2765 742 2811 rata
755 2750 814 2810 vita
827 2754 975 2808 maneret?

162 2854 240 2893 nunc
256 2850 353 2894 manet
367 2835 511 2894 insontem
525 2832 615 2908 gravis
631 2831 744 2903 exitus;
766 2847 814 2891 aut
829 2851 882 2907 ego
895 2831 955 2889 veri
991 2849 1030 2899 630

162 2935 234 2974 vana
248 2915 331 2974 seror.
373 2915 451 2993 quod
465 2930 529 2973 uto
543 2913 637 2990 potius
653 2913 806 2972 formidine
820 2912 889 2970 falsa

162 2995 252 3067 ludar,
267 3011 296 3054 et
311 2996 341 3054 in
356 2995 458 3055 melius
474 3011 533 3066 tua,
547 2995 597 3073 qui
612 3011 703 3072 potes,
717 3015 779 3053 orsa
793 2991 923 3053 reflectas
932 2991 954 3052 !’

161 3078 232 3135 haec
248 3075 297 3135 ubi
312 3076 388 3136 dicta
401 3077 492 3147 dedit,
507 3077 587 3135 caelo
601 3095 630 3134 se
644 3075 775 3154 protinus
789 3074 847 3133 alto

160 3156 249 3227 misit,
263 3177 347 3234 agens
362 3157 499 3228 hiemem,
514 3155 614 3216 nimbo
628 3157 784 3227 succincta,
799 3175 850 3236 per
865 3175 953 3226 auras,

160 3237 336 3316 Iliacamque
350 3238 442 3298 aciem
456 3253 486 3299 et
499 3237 654 3298 Laurentia
668 3252 758 3297 castra
771 3236 883 3315 petivit.

161 3333 223 3378 tum
237 3319 290 3377 dea
306 3319 383 3379 nube
397 3340 467 3379 cava
481 3334 599 3379 tenuem
613 3318 674 3378 sine
689 3317 796 3377 viribus
810 3318 941 3377 umbram

454 3412 501 3462 ⁶12
520 3413 587 3462 iusta.
653 3412 699 3460 ⁶21
718 3411 788 3463 fatue.
