2562 4114
423 372 590 420 AENBIDOS
607 371 671 420 LIB.
689 372 726 419 XI
981 385 1026 432 327

165 503 222 561 fata
236 517 360 560 vocant:
383 501 456 558 salve
472 516 620 559 aeternum
636 499 716 569 mihi,
732 499 855 558 maxime
872 499 960 569 Palla,

166 599 372 660 aeternumque
386 581 467 641 vale.’
510 602 565 640 nec
579 581 661 660 plura
675 581 776 638 effatus
791 580 825 637 ad
840 580 910 639 altos

166 662 303 722 tendebat
316 683 413 720 muros
426 682 610 740 gressumque
624 662 655 720 in
670 677 759 720 castra
774 661 892 719 ferebat.

206 744 321 821 iamque
335 759 459 802 oratores
473 745 589 802 aderant
603 763 639 800 ex
654 743 723 800 urbe
739 741 850 811 Latina,
993 771 1029 799 100

166 824 252 884 velati
266 825 349 882 ramis
364 824 452 896 oleae,
467 824 639 903 veniamque
654 839 805 899 rogantes:

166 927 293 983 corpora,
304 925 358 988 per
372 925 485 982 campos
499 906 574 964 ferro
589 925 661 983 quae
676 905 737 962 fusa
751 903 894 974 iacebant,

165 983 306 1055 redderet,
320 1007 352 1044 ac
368 986 517 1045 tumulo
497 1002 603 1045 sineret
617 985 771 1044 succedere
785 1000 898 1054 terrae;

166 1068 281 1126 nullum
297 1087 365 1126 cum
380 1067 463 1126 victis
478 1082 623 1125 certamen
639 1082 668 1124 et
683 1067 798 1124 aethere
812 1063 915 1136 cassis;

167 1163 294 1226 parceret
307 1147 468 1225 hospitibus
483 1148 628 1226 quondam
643 1146 802 1225 socerisque
817 1146 932 1204 vocatis.

166 1249 237 1307 quos
252 1229 344 1288 bonus
357 1230 479 1298 Aeneas,
494 1227 572 1286 haud
587 1227 760 1306 aspernanda
773 1243 933 1306 precantes,

165 1309 349 1388 prosequitur
362 1309 455 1380 venia,
470 1325 500 1368 et
514 1309 608 1368 verbis
622 1311 692 1368 haec
707 1308 824 1384 insuper
838 1307 917 1365 addit
932 1329 938 1365 :

148 1395 308 1469 ‘quaenam
324 1411 373 1448 vos
389 1405 470 1449 tanto
484 1391 600 1448 fortuna
614 1389 744 1464 indigna,
758 1388 867 1457 Latini,

166 1470 304 1548 inplicuit
318 1471 407 1542 bello,
422 1470 471 1549 qui
487 1492 538 1528 nos
554 1471 669 1546 fugiatis
683 1469 811 1528 amicos?

166 1571 268 1628 pacem
283 1571 330 1610 me
345 1551 485 1610 exanimis
500 1567 530 1610 et
546 1551 650 1609 Martis
665 1566 740 1608 sorte
754 1550 911 1628 peremptis
995 1579 1033 1608 110

166 1631 273 1690 oratis?
294 1632 429 1710 equidem
445 1648 474 1690 et
488 1631 559 1690 vivis
575 1632 735 1690 concedere
749 1632 866 1689 vellem.

167 1733 221 1772 nec
236 1711 314 1783 veni,
329 1713 383 1771 nisi
398 1713 456 1771 fata
471 1713 568 1771 locum
584 1713 738 1790 sedemque
754 1711 909 1770 dedissent.

166 1814 221 1852 nec
237 1794 346 1852 bellum
361 1813 429 1852 cum
444 1809 530 1868 gente
545 1813 631 1867 gero:
653 1812 703 1849 rer
719 1807 815 1850 nostra
828 1791 947 1869 reliquit

166 1873 299 1952 hospitia,
314 1889 343 1931 et
358 1873 456 1931 Turni
470 1873 567 1950 potius
580 1893 610 1930 se
625 1871 748 1930 credidit
763 1871 856 1930 armis.

166 1954 285 2032 aequius
299 1954 368 2011 huic
384 1953 521 2011 Turnum
538 1952 630 2010 fuerat
644 1971 674 2010 se
688 1971 833 2029 opponere
847 1952 943 2012 morti.

167 2056 189 2092 sr
182 2034 315 2092 'bellurn
331 2032 413 2092 finire
428 2053 525 2101 manu,
541 2053 563 2090 sr
556 2032 687 2109 pellere
703 2032 834 2091 Teucros

166 2129 290 2207 apparat,
305 2113 348 2170 his
363 2133 479 2171 mecum
494 2113 594 2172 decuit
608 2133 782 2172 concurrere
796 2113 883 2172 telis·
875 2139 884 2184 ;

166 2195 254 2267 viret,
270 2193 318 2252 cui
333 2193 421 2252 vitam
437 2193 506 2252 deus
521 2209 571 2252 aut
585 2214 635 2252 sua
649 2194 749 2252 dextra
763 2195 896 2254 dedisset.

166 2296 245 2334 nunc
262 2275 311 2344 ite,
328 2289 357 2334 et
371 2274 480 2333 miseris
495 2274 650 2353 supponite
665 2274 797 2334 civibus
789 2276 905 2350 rgnem!

166 2357 278 2415 dixerat
292 2357 413 2415 Aeneas.
456 2355 500 2414 illi
516 2355 678 2433 obstipuere
694 2355 821 2427 silentes,
997 2387 1033 2415 120
1104 2379 1108 2388 ·

167 2435 355 2514 conversique
371 2437 469 2495 oculos
485 2437 560 2495 inter
575 2457 603 2494 se
618 2453 705 2515 atque
719 2458 767 2494 ora
781 2437 929 2496 tenebant.

167 2535 229 2576 tum
244 2517 338 2577 senior
353 2537 523 2595 semperque
538 2517 610 2575 odiis
626 2532 655 2576 et
670 2517 792 2576 crimine
806 2517 937 2576 Drances

166 2599 296 2657 infensus
311 2597 409 2657 iuveni
426 2599 531 2656 Turno
547 2597 585 2656 sic
600 2619 647 2656 ore
662 2597 788 2657 vicissim

168 2699 228 2737 orsa
242 2680 330 2738 refert
344 2702 351 2738 :
373 2686 409 2736 ‘o
423 2679 500 2738 fama
515 2679 625 2754 ingens,
640 2678 785 2754 ingentior
798 2679 893 2750 armis,

167 2760 210 2816 vir
224 2759 363 2831 Troiane,
377 2760 481 2839 quibus
497 2761 577 2818 caelo
592 2777 620 2818 te
635 2760 766 2818 laudibus
781 2765 925 2839 aequem?

168 2839 332 2900 iustitiaene
346 2841 426 2918 prius
441 2841 537 2911 mirer,
554 2841 662 2900 belline
677 2841 829 2900 laborum?

168 2941 219 2979 nos
232 2941 302 2980 vero
316 2924 385 2982 haec
401 2921 522 3000 patriam
537 2922 608 2999 grati
624 2924 779 2982 referemus
794 2923 829 2981 ad
845 2922 952 2992 urbem,

168 3017 198 3060 et
212 3017 251 3072 te,
266 3002 289 3060 si
304 3022 361 3080 qua
375 3003 450 3062 viam
465 3003 576 3061 dederit
591 3004 714 3074 fortuna,
730 3004 835 3062 Latino

167 3083 319 3158 iungemus
334 3083 402 3158 regi.
444 3099 559 3162 quaerat
574 3084 627 3142 sibi
642 3085 758 3144 foedera
773 3085 901 3145 Turnus

168 3163 240 3240 quin
256 3178 285 3221 et
299 3163 398 3221 fatales
412 3183 560 3244 murorum
571 3165 707 3257 attollere
722 3166 822 3237 moles,
996 3196 1033 3234 130

169 3263 290 3322 saxaque
305 3243 471 3303 subvectare
486 3238 591 3304 unieris
607 3245 735 3304 Troiana
749 3245 876 3306 iuvabit’

168 3325 280 3384 dixerat
295 3326 377 3394 haec,
392 3345 509 3403 unoque
525 3345 625 3384 omnes
640 3326 739 3384 eadem
754 3347 803 3386 ore
817 3328 989 3386 fremebant.

418 3418 462 3466 126
480 3419 605 3470 institisse.
638 3420 747 3470 laborem.
