2558 4112
233 307 279 340 rro
505 289 532 338 P.
550 287 692 338 VERGILI
707 248 867 338 'MARONIS

272 419 406 479 omnibus
422 421 571 478 exhaustos
586 418 643 476 iam
657 417 776 490 casibus,
792 417 924 478 omnium
939 438 1041 496 egenos

273 501 343 561 urbe
357 501 443 560 domo
458 499 554 570 socias,
568 515 659 574 grates
674 499 834 576 persolvere
848 499 947 576 dignas
1102 521 1141 562 σω

273 603 333 641 non
347 581 408 660 opis
423 597 465 640 est
479 595 600 652 nostrae,
615 579 703 650 Dido,
719 599 773 640 nec
788 579 929 660 quidquid
942 581 1050 660 ubique

355 678 396 720 est

243 751 244 757 ’
272 742 364 820 gentis
379 741 549 814 Dardaniae,
565 739 702 818 magnum
717 761 788 820 quae
803 763 895 819 sparsa
908 761 959 820 per
973 742 1082 804 orbem.

272 824 301 883 di
316 823 378 894 tibi,
394 823 417 881 si
431 844 487 903 qua
501 823 561 900 pios
575 838 735 900 respectant
750 823 878 894 numina,
893 821 1001 901 siquid

273 924 392 984 usquam
408 903 532 962 iustitiae
546 919 597 975 est,
613 919 643 962 et
656 923 738 962 mens
753 902 806 962 sibi
821 903 934 963 conscia
948 903 1020 962 recti
1056 963 1057 968 χ

271 985 397 1064 praemia
411 985 497 1061 digna
511 983 614 1044 ferant.
655 1004 727 1063 quae
742 999 771 1042 te
785 997 844 1042 tam
858 984 931 1042 laeta
945 984 1075 1043 tulerunt

271 1065 405 1125 saecula?
446 1065 496 1144 qui
511 1063 583 1124 tanti
599 1065 685 1123 talem
699 1083 824 1140 genuere
838 1069 990 1142 parentes?

272 1147 304 1205 in
318 1146 392 1206 freta
406 1146 477 1204 dum
492 1145 573 1204 fluvii
589 1160 717 1216 current,
731 1145 802 1204 dum
817 1145 962 1206 montibus
977 1145 1094 1206 umbrae

271 1228 432 1286 lustrabunt
447 1246 584 1297 convexa,
599 1227 682 1304 polus
696 1226 767 1284 dum
781 1225 871 1284 sidera
884 1242 990 1304 pascet,

272 1328 384 1385 semper
397 1309 488 1366 honos
503 1327 667 1386 nomenque
683 1322 766 1366 tuum
781 1307 878 1366 laudes
900 1328 935 1365 ue
950 1307 1116 1378 manebunt,

293 1409 345 1446 uae
358 1408 406 1446 me
420 1408 546 1465 cumque
561 1404 664 1446 vocant
679 1385 786 1447 terrae!
828 1387 867 1447 sic
879 1328 956 1446 istus
968 1388 1093 1447 amicum

271 1411 382 1527 ilionea
396 1467 468 1545 petit
481 1467 591 1539 dextra,
605 1469 741 1548 laevaque
757 1469 910 1539 Serestum,
1100 1487 1136 1526 611

271 1565 334 1628 post
349 1548 426 1620 alios,
441 1548 601 1627 fortemque
616 1549 702 1626 Gyan
717 1549 879 1628 fortemque
895 1549 1083 1610 Cloanthum.

313 1628 451 1708 obstipuit
466 1629 559 1707 primo
573 1647 690 1708 aspectu
706 1629 822 1688 Sidonia
836 1629 922 1702 Dido,

271 1731 337 1770 casu
352 1711 457 1770 deinde
471 1709 523 1768 viri
538 1725 627 1782 tanto,
642 1711 725 1770 etsie
740 1732 788 1771 ore
803 1711 899 1770 locuta
913 1727 975 1772 est:

251 1792 333 1870 ‘quis
348 1808 387 1862 te,
402 1807 467 1851 nate
483 1793 542 1864 dea,
557 1813 610 1870 per
623 1807 703 1853 tanta
717 1791 845 1870 pericula
858 1811 938 1852 casus

1259 2989 1260 3030 t

271 1873 452 1952 insequitur?
492 1893 564 1952 quae
580 1873 621 1932 vis
636 1873 799 1932 inmunibus
813 1873 937 1951 applicat
951 1871 1029 1932 oris?

271 1969 341 2011 tune
355 1953 405 2012 ille
419 1954 541 2026 Aeneas,
557 1974 644 2046 quem
659 1953 804 2014 Dardanio
818 1951 961 2012 Anchisae

271 2034 345 2092 alma
359 2033 460 2114 Yenus
477 2033 591 2110 Phrygii
606 2033 707 2110 genuit
724 2034 875 2093 Simoentis
891 2033 926 2092 ad
941 2033 1070 2094 undam?

271 2129 355 2192 atque
369 2113 503 2193 equidem
518 2114 669 2175 Teucrum
683 2113 803 2174 memini
819 2115 925 2174 Sidona
937 2115 1038 2174 venire

271 2194 375 2253 finibus
391 2195 543 2272 expulsum
557 2195 664 2274 patriis,
680 2216 754 2255 nova
767 2215 855 2272 regna
869 2211 1017 2273 petentem
1098 2215 1137 2256 ese

270 2275 379 2334 auxilio
394 2275 458 2334 Beli
471 2301 480 2347 ;
500 2275 613 2352 genitor
628 2291 690 2336 tum
706 2276 793 2335 Belus
807 2276 933 2356 opimam

270 2357 395 2416 vastabat
410 2356 541 2435 Cyprum
556 2374 584 2417 et
598 2357 689 2416 victor
703 2357 817 2416 dicione
832 2358 958 2417 tenebat.

270 2453 398 2516 tempore
413 2437 469 2496 iam
484 2459 519 2496 ex
534 2437 586 2497 illo
601 2459 680 2497 casus
694 2437 766 2496 mihi
781 2437 911 2514 cognitus
927 2437 1003 2496 urbis

270 2517 413 2577 Troianae
429 2539 592 2599 nomenque
608 2535 691 2578 tuum
705 2539 839 2598 regesque
855 2519 973 2595 Pelasgi.

270 2597 330 2676 ipse
344 2599 431 2658 hostis
446 2599 576 2658 Teucros
591 2599 696 2675 insigni
712 2600 796 2659 laude
811 2600 928 2672 ferebat,

270 2700 356 2760 seque
370 2697 466 2740 ortum
480 2679 596 2758 antiqua
611 2680 794 2739 Teucrorum
809 2701 825 2738 a
839 2680 925 2759 stirpe
939 2680 1062 2740 volebat.

270 2781 356 2838 quare
371 2760 444 2838 agite
459 2781 477 2818 o
492 2761 583 2831 tectis,
599 2760 726 2832 iuvenes,
742 2758 888 2821 succedite
903 2761 1013 2820 nostris.

271 2860 318 2899 me
332 2863 444 2920 quoque
459 2843 630 2920 permultos
645 2841 745 2902 similis
760 2842 873 2901 fortuna
888 2842 996 2900 labores

270 2920 402 2980 iactatam
417 2925 469 2981 hac
485 2923 602 2982 demum
617 2923 709 2982 voluit
723 2923 877 2983 consistere
892 2921 984 2981 terra:

270 3021 330 3059 non
345 3001 440 3076 ignara
454 3003 522 3062 mali
538 3003 647 3062 miseris
662 3024 828 3083 succurrere
842 3003 941 3062 disco!
1098 3019 1139 3072 630

270 3081 310 3140 sic
326 3100 463 3142 memorat
476 3109 485 3154 ;
507 3083 592 3142 simul
606 3086 726 3144 Aenean
742 3085 772 3142 in
787 3084 861 3160 regia
876 3083 955 3142 ducit

271 3178 356 3233 tecta,
370 3162 455 3221 simul
469 3164 567 3222 divom
582 3165 696 3242 templis
711 3165 814 3224 indicit
828 3165 977 3224 honorem.

271 3263 325 3303 nec
340 3243 436 3303 minus
451 3244 558 3304 interea
574 3246 654 3304 sociis
666 3246 701 3304 ad
715 3245 796 3304 litora
811 3244 901 3304 mittit

492 3348 538 3400 599
555 3335 680 3388 exhaustis.
714 3338 763 3398 604
779 3336 876 3385 iustitia.
