2556 4116
397 363 586 412 sucoa1cn=
611 364 683 412 aci.
700 364 726 411 v
986 375 1016 426 ις

149 499 289 570 dicemus,
305 495 505 575 Daphninque
520 511 604 554 tuum
619 495 753 554 tollemus
769 495 805 553 ad
819 510 892 554 astra
905 521 914 567 ς
992 524 1015 563 51

149 579 290 657 Daphnin
296 578 413 637 adastra
422 577 548 637 feremus
558 599 565 636 ε
577 577 683 635 amavit
692 576 1016 654 nosquoqueDaphnis.

193 660 252 718 Mo.
274 679 311 718 an
326 659 483 737 quicquam
498 658 580 716 nobis
596 658 645 716 tali
660 657 696 716 sit
710 677 830 716 munere
844 658 957 716 maius?

150 756 180 800 et
194 761 267 819 puer
280 740 342 818 ipse
357 739 413 798 fuit
427 737 537 798 cantari
552 739 664 814 dignus,
680 753 710 796 et
724 738 778 796 ista

150 822 208 881 iam
223 821 336 900 pridem
352 819 515 879 Stimichon
530 819 658 878 laudavit
672 819 800 878 carmina
814 818 907 878 nobis.

195 903 254 960 Mc.
275 900 413 960 candidus
429 901 575 960 insuetum
590 901 709 959 miratur
723 900 814 958 limen
830 899 952 977 Olympi

151 983 203 1042 sub
217 982 398 1060 pedibusque
412 981 491 1040 videt
505 981 596 1040 nubes
611 996 641 1040 et
655 980 748 1040 sidera
761 979 905 1057 Daphnis.

151 1083 217 1139 ergo
231 1062 332 1122 alacris
346 1062 429 1120 silvas
444 1077 473 1120 et
488 1077 583 1120 cetera
597 1082 661 1120 rura
676 1062 806 1139 voluptas

152 1146 288 1223 Panaque
301 1158 486 1221 pastoresque
500 1157 582 1200 tenet
597 1143 786 1220 Dryadasque
801 1141 923 1219 puellas.

152 1246 206 1284 nec
221 1225 307 1303 lupus
321 1222 438 1282 insidias
451 1222 560 1301 pecori,
576 1243 631 1282 nec
646 1223 718 1281 retia
732 1223 823 1282 cervis
993 1239 1020 1280 ⁶0

151 1306 211 1364 ulla
225 1306 327 1364 dolum
341 1304 519 1363 meditantur
531 1329 541 1375 ;
563 1319 640 1362 amat
655 1304 746 1362 bonus
760 1302 817 1362 otia
831 1302 975 1382 Daphnis.

153 1386 206 1464 ipsi
220 1385 331 1444 laetitia
345 1405 429 1444 voces
444 1385 480 1443 ad
494 1384 586 1442 sidera
600 1385 710 1444 iactant

153 1467 260 1526 intonsi
275 1481 411 1537 montes;
432 1466 509 1544 ipsae
524 1466 581 1524 iam
596 1466 724 1524 carmina
737 1486 831 1544 rupes,

153 1549 214 1627 ipsa
228 1562 333 1606 sonant
347 1547 460 1606 arbusta
474 1569 481 1606 ι
504 1553 514 1580 ‘
522 1547 604 1618 deus,
618 1547 688 1605 deus
703 1547 764 1617 ille,
780 1543 936 1605 Menalca?

153 1629 189 1687 sis
203 1629 296 1687 bonus
310 1649 328 1686 o
343 1627 472 1706 felixque
487 1628 563 1687 tuis!
587 1647 624 1686 en
640 1643 776 1705 quattuor
789 1648 847 1685 aras
862 1649 869 1685 z

153 1730 221 1768 ecce
235 1710 305 1768 duas
320 1709 383 1781 tibi,
397 1709 526 1786 Daphni,
542 1708 612 1766 duas
628 1708 728 1766 altaria
743 1708 869 1766 Phoebo.

151 1790 257 1868 pocula
271 1789 340 1850 bina
355 1810 431 1848 novo
445 1789 607 1867 spumantia
623 1789 698 1846 lacte
712 1787 865 1866 quotannis

152 1887 332 1950 craterasque
346 1870 405 1930 duo
419 1885 543 1930 statuam
560 1869 612 1928 tibi
628 1869 743 1947 pinguis
758 1868 827 1926 olivi
839 1893 848 1939 3

152 1967 182 2012 et
196 1952 291 2011 multo
305 1951 336 2010 in
351 1951 449 2029 primis
464 1951 589 2010 hilarans
604 1949 738 2014 convivia
754 1949 879 2019 Baccho,

152 2048 219 2092 ante
234 2033 344 2104 focum,
358 2032 380 2091 si
395 2032 483 2108 frigus
499 2032 562 2104 erit,
578 2032 600 2090 si
616 2030 724 2102 messis,
740 2029 771 2087 in
787 2030 898 2100 umbra,
995 2057 1022 2096 70

152 2115 220 2172 vina
235 2133 344 2172 novum
359 2113 477 2171 fundam
492 2112 613 2172 calathis
627 2111 741 2170 Ariusia
754 2127 863 2170 nectar.

153 2195 312 2253 cantabunt
325 2193 397 2252 mihi
413 2195 569 2252 Damoetas
584 2207 613 2252 et
627 2193 747 2269 Lyctius
761 2192 861 2267 Aegon
875 2217 884 2263 ;

153 2276 288 2334 saltantes
304 2276 417 2352 Satyros
432 2274 594 2333 imitabitur
607 2273 827 2350 Alphesiboeus.

152 2358 224 2414 haec
240 2355 293 2414 tibi
308 2375 420 2433 semper
434 2369 528 2427 erunt,
544 2369 655 2412 etcum
670 2353 820 2411 sollemnia
835 2367 899 2411 vota

153 2437 305 2495 reddemus
320 2435 477 2515 Nymphis,
493 2451 522 2494 et
537 2455 605 2493 cum
621 2433 805 2493 lustrabimus
820 2451 908 2508 agros.

153 2518 223 2577 dum
238 2518 305 2593 iuga
320 2517 426 2576 montis
441 2537 518 2594 aper,
534 2514 637 2574 fluvios
652 2515 723 2573 dum
737 2513 824 2592 piscis
839 2512 955 2582 amabit,

153 2600 283 2678 dumque
298 2599 400 2675 thymo
413 2611 569 2676 pascentur
584 2617 662 2675 apes,
676 2595 746 2653 dum
760 2614 823 2652 rore
838 2593 962 2665 cicadae,

154 2701 267 2759 semper
280 2682 371 2738 honos
386 2698 552 2756 nomenque
568 2694 651 2737 tuum
666 2676 821 2754 laudesque
836 2675 1007 2735 manebunt.

154 2776 188 2820 ut
202 2762 319 2819 Baccho
334 2759 502 2839 Cererique,
519 2758 573 2817 tibi
589 2758 628 2817 sic
644 2755 878 2836 votaquotannis

154 2841 295 2917 agricolae
311 2841 440 2911 facient3
461 2839 610 2900 damnabis
626 2853 657 2897 tu
673 2857 788 2917 quoque
801 2836 885 2896 votis.
997 2853 1024 2894 so

199 2923 258 2982 Mo.
279 2943 352 3000 quae
367 2921 431 2994 tibi,
443 2941 515 3001 quse
530 2920 580 2979 tali
592 2919 709 2978 reddam
720 2939 772 2996 pro
782 2917 910 2976 carmine
924 2918 1022 2975 douai

155 3023 223 3061 nam
238 3023 333 3081 neque
348 3023 394 3062 me
410 3018 523 3062 tantum
539 3000 682 3061 venientis
698 2999 796 3058 sibilus
809 2997 906 3057 Austri

155 3103 211 3142 nec
226 3104 358 3163 percussa
372 3084 474 3143 iuvant
488 3081 579 3141 fluctu
596 3097 654 3140 tam
669 3081 762 3151 litora,
777 3099 831 3139 nec
846 3099 918 3159 quae

155 3185 267 3222 saxosas
281 3165 357 3224 inter
372 3164 531 3224 decurrunt
546 3162 668 3221 flumina
681 3161 778 3220 valles.

199 3245 259 3305 Me.
280 3247 334 3304 hac
350 3260 445 3305 tenos
461 3243 555 3321 fragili
571 3243 742 3301 donabimus
757 3257 824 3300 ante
839 3241 942 3300 cicuta.

156 3327 228 3384 haec
243 3347 295 3384 nos
310 3327 484 3386 ‘formosum
500 3324 635 3401 Corydon
650 3323 765 3382 ardebat
778 3319 915 3394 Alexim’

156 3407 228 3466 haec
243 3407 345 3467 eadem
359 3408 460 3467 docuit
476 3406 592 3466 ‘cuium
607 3409 716 3483 pecus?
737 3425 774 3464 an
790 3401 932 3462 Meliboei
944 3400 972 3459 i’
