2568 4114
243 363 290 414 216
425 341 427 344 ’
517 361 544 411 s.
562 357 705 409 vrnorm
722 356 879 406 nunonis

327 491 471 552 Cerberus
486 491 581 550 haec
573 509 674 567 ingens
689 489 794 548 latratu
810 507 897 564 regna
912 487 1026 548 trifauci

284 588 426 652 personat,
442 573 559 632 adverso
573 571 736 630 recubans'
728 570 851 629 inmanis
865 569 897 629 in
912 585 1003 630 antro

286 655 334 714 cui
349 670 438 726 vates,
452 655 566 711 horrere
581 651 705 710 videns
697 671 755 709 ram
770 651 844 709 colla
858 650 991 720 colubris,

286 737 374 795 melle
389 750 549 812 soporatam
564 748 593 792 et
607 731 757 791 medicatis
772 731 902 807 frugibus
916 732 1003 790 offam
1116 762 1158 802 ρο

286 816 385 876 obicit.
428 815 479 873 ille
494 815 570 873 fame
585 813 682 872 rabida
698 812 751 871 tria
765 828 880 906 guttura
894 813 1023 889 pandens

286 897 404 976 corripit
418 896 572 967 obiectam,
587 911 673 988 atque
688 893 817 952 inmania
831 910 910 969 terga
925 893 1042 952 resolvit

287 979 365 1038 fusus
379 977 473 1048 humi,
488 993 605 1055 totoque
619 976 720 1052 ingens
735 974 900 1033 extenditur
914 990 1003 1034 antro.

286 1074 411 1136 occupat
424 1059 538 1117 Aeneas
553 1056 663 1116 aditum
678 1055 795 1115 custode
810 1055 931 1148 sepulto,

287 1140 441 1218 evaditque
455 1139 570 1198 celer
548 1159 640 1216 npam
655 1134 848 1196 inremeabilis
863 1135 966 1195 undae.

287 1221 427 1280 continuo
442 1221 556 1279 auditae
571 1239 664 1291 voces,
679 1218 789 1294 vagitus
805 1231 834 1275 et
849 1217 958 1292 ingens,

288 1302 508 1394 infantumque.
506 1301 619 1360 animae
634 1299 759 1358 flentes
751 1319 782 1356 m
798 1297 899 1356 limine
913 1295 1014 1374 primo,

288 1403 359 1460 quos
373 1381 467 1441 dulcis
481 1381 555 1440 vitae
571 1396 695 1440 exsortes
709 1395 738 1438 et
753 1379 789 1438 ab
804 1379 890 1437 ubere
904 1393 998 1456 raptos

288 1461 406 1522 abstulit
417 1478 476 1520 atra
491 1461 550 1520 dies
566 1477 595 1521 ct
608 1463 711 1521 funere
725 1459 823 1518 mersit
838 1458 951 1518 acerbo.

288 1543 361 1601 hos
353 1557 434 1601 iuxta
449 1542 521 1600 falso
534 1542 662 1600 damnati
677 1541 800 1601 crimine
816 1540 923 1598 mortis.
1118 1569 1160 1607 430

289 1643 343 1682 nec
358 1643 426 1681 vero
440 1623 529 1682 hae'
509 1643 570 1681 sine
585 1640 658 1682 sorte
672 1621 802 1693 datae,
780 1641 842 1680 stne
857 1620 963 1691 iudice,
979 1619 1078 1678 sedes:

289 1704 433 1782 quaesitor
448 1704 548 1762 Minos
563 1724 665 1763 urnam
681 1718 799 1773 movet3
820 1701 870 1760 ille
885 1701 1022 1760 silentum

290 1784 507 1862 conciliumque
521 1801 605 1844 vocat
619 1785 748 1864 vitasque
763 1800 792 1843 et
806 1782 928 1842 crimina
942 1781 1034 1840 discit.

289 1866 419 1959 proxima
434 1866 538 1925 deinde
554 1881 655 1925 renent
669 1865 769 1924 maesti
785 1865 856 1935 loca,
872 1884 922 1943 qur
914 1863 991 1922 sibi
1006 1863 1098 1922 letum

289 1947 416 2004 insontes
430 1967 568 2025 peperere
583 1968 680 2018 manu,
696 1947 850 2024 lucemque
865 1944 956 2022 perosi

290 2027 437 2104 proiecere
452 2027 569 2086 animas.
611 2047 698 2106 quam
713 2026 822 2086 vellent
837 2025 974 2084 aethere
966 2046 996 2083 tn
1011 2025 1070 2084 alto

291 2127 370 2166 nunc
386 2122 415 2166 et
428 2108 595 2201 pauperiem
610 2125 639 2167 et
653 2108 738 2167 duros
753 2109 877 2186 perferre
892 2107 1020 2166 labores
1014 2107 1020 2148 t

291 2188 331 2245 fas
346 2187 450 2259 obstat,
465 2188 593 2268 tristique
608 2188 689 2266 palus
704 2187 867 2247 inamabilis
881 2189 958 2247 unda

291 2268 406 2344 adligat,
421 2284 450 2328 et
464 2269 583 2328 noviens
600 2271 670 2347 Styx
684 2269 820 2329 interfusa
835 2284 958 2328 coercet.

333 2369 386 2408 nee
422 2352 522 2427 procul
559 2351 628 2409 hinc
662 2366 773 2428 partem
808 2350 864 2410 fusi
899 2363 1093 2408 monstrantur
1129 2347 1162 2406 in

374 2451 492 2490 Omnem
1122 2459 1165 2498 440

292 2511 437 2587 Lugentes
454 2511 557 2590 Campi
571 2537 580 2582 ;
601 2512 642 2572 sic
656 2511 720 2571 illos
736 2512 854 2572 nomine
868 2511 981 2571 dicunt.

292 2591 352 2663 hic,
366 2613 435 2670 quos
450 2593 537 2650 durus
551 2613 630 2652 amor
644 2593 755 2652 crudeli
770 2593 835 2652 tabe
850 2593 970 2670 peredit,

293 2673 393 2731 secreti
409 2673 507 2732 celant
520 2675 607 2732 calles
622 2690 651 2732 et
665 2689 776 2751 myrtea
790 2673 900 2733 circum

293 2753 363 2811 silva
379 2753 471 2830 tegit:
494 2775 577 2813 curae
594 2776 651 2813 non
667 2755 726 2832 ipsa
737 2756 769 2813 in
785 2771 875 2813 morte
890 2754 1068 2832 relinquunt·

293 2834 335 2891 his
344 2833 500 2893 Phaedram
509 2835 692 2914 Procrimque
703 2835 982 2928 locis,maestamque
989 2833 1163 2912 Eriphylen,

293 2915 418 2974 crudelis
433 2916 492 2975 nati
502 2931 716 2975 monstrantem
731 2917 860 2988 vulnera,
876 2917 980 2986 cernit,

294 2994 504 3087 Euadncnque,
519 3013 548 3055 et
564 2996 743 3074 Pasiphadn3
764 2998 808 3055 his
822 2996 978 3056 Laodamia

293 3074 317 3132 it
332 3095 437 3147 comes,
451 3093 481 3136 et
495 3077 605 3136 iuvenis
620 3078 775 3156 quondam,
792 3098 870 3137 nunc
886 3077 1002 3147 femina,
1019 3074 1166 3143 Caeneus,

294 3175 388 3213 rursus
403 3172 431 3215 et
446 3157 476 3214 in
491 3174 617 3217 veterem
632 3159 691 3217 fato
705 3158 833 3218 revoluta
848 3158 977 3234 figuram.

294 3235 370 3293 inter
384 3256 453 3314 quas
470 3237 623 3298 Phoenissa
636 3259 736 3298 recens
750 3261 766 3298 a
780 3239 899 3298 vulnere
915 3237 994 3298 Dido
1127 3263 1168 3304 4⁵0

296 3316 405 3376 errabat
420 3317 514 3376 silva
505 3339 536 3376 rn
551 3339 676 3396 magna:
698 3340 784 3399 quam
800 3319 906 3378 Troius
921 3320 1013 3388 heros,

498 3411 545 3474 438
563 3413 611 3460 fata
622 3414 722 3462 obstant,
755 3414 827 3462 tristis
839 3415 922 3462 undae
