2562 4114
273 353 319 408 34²
543 337 571 385 Ρ.
589 335 732 384 VERGILI
750 335 907 383 MARONIS

312 467 492 528 semianimes
506 466 664 524 volvuntur
679 463 769 542 equi3
789 484 886 542 pugna
900 484 998 542 aspera
1013 465 1117 542 surgit.

312 549 482 607 Orsilochus
498 545 626 618 Remuli,
641 545 757 623 quando
771 544 866 623 ipsum
880 546 1016 605 horrebat
1030 547 1120 616 adire,

311 632 423 690 hastam
438 627 554 686 intorsit
567 647 651 705 equo,
667 626 832 704 ferrumque
847 626 900 684 sub
915 646 983 685 anre
998 626 1122 706 reliquit
1136 652 1145 698 ;

312 731 370 790 quo
384 709 499 802 sonipes
513 708 575 767 ictu
590 708 661 766 furit
676 707 788 776 arduus,
804 707 919 785 altaque
934 706 1021 766 iactat

312 790 439 850 vulneris
454 789 599 868 inpatiens
614 793 724 846 arrecto
738 802 855 866 pectore
870 808 963 847 crura.
1262 857 1263 868 χ

310 870 435 930 volvitur
449 870 499 928 ille
514 891 649 929 excussus
662 869 756 928 humi.
797 868 921 928 Catillus
936 869 1030 926 Iollan
1145 887 1183 936 σῳ

311 952 517 1030 ingentemque
533 951 634 1010 animis
649 950 799 1026 ingentem
813 969 932 1026 corpore
946 965 975 1008 et
989 949 1078 1008 armis

311 1033 401 1093 deicit
417 1031 617 1102 Herminium,
631 1030 711 1089 nudo
726 1030 774 1089 cui
791 1029 900 1088 vertice
914 1029 993 1088 fulva

311 1113 446 1172 caesaries
462 1113 592 1191 nudique
607 1110 699 1170 umeri
712 1136 722 1182 ;
743 1131 798 1170 nec
815 1111 935 1169 vulnera
949 1125 1060 1168 terrent
1074 1135 1084 1181 ;

312 1210 409 1253 tantus
424 1193 455 1251 in
471 1214 547 1252 arma
562 1207 651 1272 patet.
693 1193 766 1250 latos
780 1190 849 1250 huic
863 1193 943 1249 hasta
955 1211 1007 1268 per
1021 1201 1117 1250 armos

311 1290 374 1333 acta
388 1274 487 1332 tremit
501 1273 688 1352 duplicatque
702 1273 796 1331 virum
812 1271 944 1330 transfixa
958 1271 1070 1330 dolore.

311 1354 446 1413 funditur
459 1369 521 1414 ater
536 1354 643 1432 ubique
658 1374 763 1422 cruor;
784 1352 854 1412 dant
867 1353 970 1410 lunera
984 1351 1059 1410 ferro

311 1451 453 1494 certantes
467 1434 678 1512 pulchramque
693 1449 797 1512 petunt
811 1453 864 1510 per
877 1433 998 1491 vulnera
1012 1447 1152 1491 mortem.

352 1529 380 1572 at
393 1514 503 1572 medias
518 1515 594 1572 inter
608 1515 709 1572 caedes
725 1514 848 1579 exsultat
862 1514 1004 1585 Amazon,

312 1614 403 1654 unum
418 1609 528 1653 exserta
542 1595 615 1652 latus
630 1613 752 1671 pugnae,
767 1596 928 1672 pharetrata
943 1593 1069 1652 Camilla
1082 1618 1093 1664 ;
1264 1653 1265 1666 1

312 1692 341 1735 et
356 1695 435 1734 nunc
450 1675 530 1733 lenta
544 1695 631 1733 manu
646 1695 780 1751 spargens
794 1674 908 1733 hastilia
922 1673 1033 1746 denset,
1143 1693 1180 1741 ⁶50

311 1777 392 1815 nunc
405 1754 529 1814 validam
544 1755 644 1814 dextra
659 1755 734 1832 rapit
749 1755 891 1814 indefessa
904 1755 1063 1833 bipennem
1076 1780 1087 1826 ;

312 1857 412 1897 aureus
427 1857 462 1896 ex
478 1856 578 1894 umero
592 1852 675 1895 sonat
690 1856 771 1895 arcus
786 1851 815 1894 et
828 1856 907 1894 arma
920 1835 1044 1895 Dianae.

311 1919 361 1978 illa
376 1917 472 1988 etiam,
489 1917 511 1976 si
526 1917 644 1995 quando
659 1917 690 1976 in
706 1932 817 1993 tergum
831 1917 914 1994 pulsa
927 1916 1056 1988 recessit,

312 1999 422 2077 spicula
436 2018 575 2056 converso
590 1997 732 2074 fugientia
747 1997 851 2073 derigit
866 2016 944 2056 arcu.

312 2094 339 2137 at
354 2079 465 2138 circum
480 2079 571 2136 lectae
586 2077 714 2150 comites,
731 2077 893 2155 Larinaque
907 2077 987 2154 virgo

311 2159 462 2236 Tullaque
477 2174 506 2216 et
521 2175 643 2217 aeratam
658 2158 791 2237 quatiens
806 2159 933 2236 Tarpeia
949 2157 1086 2229 securim,

311 2239 439 2308 Italides,
454 2260 522 2317 quas
537 2239 598 2316 ipsa
611 2240 699 2298 decus
714 2239 767 2297 sibi
783 2239 830 2297 dia
846 2238 970 2298 Camilla

310 2319 427 2396 delegit,
440 2319 576 2399 pacisque
592 2320 680 2379 bonas
696 2319 823 2397 bellique
838 2319 1002 2378 ministras:

310 2401 408 2478 quales
423 2399 577 2459 Threiciae
593 2421 661 2459 cum
676 2400 796 2462 flumina
811 2398 1039 2459 Thermodontis

310 2480 425 2557 pulsant
440 2495 469 2538 et
483 2480 568 2557 pictis
584 2481 730 2540 bellantur
745 2483 906 2540 Amazones
921 2479 1018 2552 armis,
1139 2497 1177 2539 ⁶⁶0

310 2581 358 2620 seu
373 2561 483 2620 circum
498 2561 693 2639 Hippolyten,
711 2582 760 2620 seu
776 2582 844 2621 cum
859 2583 888 2620 se
905 2561 1013 2621 Martia
1024 2580 1113 2622 curru

311 2641 493 2701 Penthesilea
508 2642 606 2713 refert,
622 2663 784 2720 magnoque
800 2642 930 2701 ululante
946 2643 1076 2701 tumultu

309 2721 434 2782 feminea
449 2723 596 2782 exsultant
612 2723 719 2781 lunatis
735 2722 849 2799 agmina
863 2723 958 2802 peltis.

308 2822 395 2881 quem
410 2804 468 2862 telo
482 2802 620 2882 primum,
637 2823 724 2882 quem
740 2819 927 2881 postremum,
943 2823 1040 2880 aspera
1055 2803 1146 2878 virgo,

307 2883 418 2942 deicis?
439 2899 489 2942 aut
504 2898 576 2962 quot
590 2883 671 2943 humi
687 2884 841 2944 morientia
856 2904 974 2961 corpora
989 2883 1112 2941 lundis?

308 2964 443 3022 Eunenm
459 2964 560 3041 Clytio
574 2963 701 3043 primurn
716 2980 820 3043 patre;
841 2964 923 3023 cuius
938 2978 1072 3041 apertum

307 3043 414 3102 adversi
431 3045 517 3120 longa
534 3045 742 3104 transverberat
757 3045 852 3104 abiete
865 3059 977 3122 pectus.

307 3124 454 3199 sanguinis
469 3125 520 3185 ille
537 3145 655 3184 vomens
670 3125 745 3184 rivos
761 3125 848 3196 cadit,
862 3141 949 3204 atque
964 3139 1117 3185 cruentam

276 3270 279 3275 ¹
307 3204 418 3263 mandit
454 3207 587 3276 humum,
621 3205 804 3284 moriensque
839 3226 891 3264 suo
925 3226 954 3266 se
988 3204 1022 3264 in
1054 3205 1174 3263 vulnere

401 3301 505 3346 versat.

441 3378 488 3442 650
507 3380 593 3430 denam.
660 3380 705 3444 ⁶53
724 3380 749 3428 in
761 3389 861 3441 tergum,
873 3379 1002 3444 siquando.
