2558 4112
223 393 269 440 124
497 380 684 429 nvuncut
702 379 858 429 mnnours

263 512 398 571 Vulcano
411 525 563 605 superante
575 511 697 581 domus;
689 511 774 570 ·iam
788 511 935 590 proximus
949 514 1028 573 ardet

265 593 439 668 Ucalegou;
461 591 563 668 Sigea
556 611 616 685 rgnr
608 590 704 650 freta
718 593 774 650 lata
787 592 939 653 relucent.

264 673 390 732 exoritur
405 672 612 765 clamorque
585 693 679 731 virum
693 673 867 766 clangorque
881 673 1023 734 tubarum.

263 774 340 812 arma
354 773 450 811 amens
465 753 569 830 capio;
590 773 644 812 nec
660 767 701 812 sat
715 753 830 812 rationis
844 753 875 812 in
889 753 994 824 armis;

264 835 313 894 sed
326 834 480 927 glomerare
495 853 613 925 manum
629 834 706 893 bello
720 849 748 892 et
763 854 932 893 concurrere
947 835 977 893 in
992 855 1087 895 arcem

264 933 331 975 cum
346 915 427 972 sociis
442 914 542 972 ardent
556 912 654 974 animi.
697 914 797 972 furor
789 935 886 992 traque
900 930 1028 974 mentem

263 995 462 1075 praecipitant,
476 995 688 1088 pulchrumque
703 995 776 1052 mori
791 995 931 1053 succurrit
945 995 976 1053 in
991 996 1084 1056 armis.

305 1095 373 1135 ecce
388 1091 483 1134 autem
498 1073 561 1133 telis
577 1076 704 1134 Panthus
719 1076 828 1154 elapsus
842 1075 998 1147 Achivum,

265 1157 391 1216 Panthus
406 1155 577 1249 Othryades,
591 1154 662 1214 arcis
667 1155 843 1234 Phoebique
857 1157 994 1227 sacerdos,

263 1257 340 1295 sacra
354 1257 440 1295 manu
455 1236 602 1314 victosque
616 1237 684 1294 deos
698 1256 875 1315 parvumque
889 1252 1024 1314 nepotem
1092 1269 1130 1306 ιω

263 1317 324 1394 ipae
337 1316 433 1386 trahit,
448 1337 589 1396 cursuque
604 1337 702 1375 amens
716 1316 751 1374 ad
765 1316 866 1375 limina
880 1317 981 1376 tendit.

244 1404 322 1476 ‘quo
353 1417 396 1454 res
429 1417 539 1455 summa
572 1398 647 1468 loco,
678 1398 818 1456 Panthu?
848 1417 934 1476 quarn
965 1398 1127 1477 prendimus

345 1476 477 1535 arcemi’

211 1609 214 1614 .
264 1557 313 1617 vix
327 1579 359 1616 ea
373 1558 447 1616 fatus
461 1577 547 1628 eram,
562 1557 670 1634 gemitu
685 1577 754 1616 cum
768 1557 835 1618 talia
847 1559 942 1618 reddit
956 1581 963 1618 :

244 1639 343 1698 ‘venit
357 1657 467 1698 summa
480 1638 540 1696 dies
554 1653 582 1696 et
596 1638 781 1697 ineluctabile
795 1656 907 1718 tempus

264 1719 433 1778 Dardaniae.
476 1718 581 1778 fuimus
596 1718 700 1790 Troes,
714 1719 769 1778 fuit
783 1719 872 1779 ilium
887 1735 915 1780 et
929 1720 1029 1798 ingens

264 1799 354 1876 gloria
367 1800 559 1859 Teucrorum.
602 1799 679 1858 ferus
692 1800 789 1858 omnia
803 1801 934 1879 Iuppiter
946 1803 1037 1878 Argos

264 1880 428 1940 transtulit:
450 1881 568 1939 incensa
581 1879 674 1938 Danai
689 1880 895 1940 dominantur
886 1901 917 1940 ιιι
932 1882 1010 1941 urbe.

264 1961 367 2019 arduus
381 1976 502 2020 armatos
516 1959 662 2020 mediisin
678 1961 827 2020 moenibus
842 1962 950 2020 adstans

265 2040 361 2100 fundit
376 2061 474 2118 equus,
489 2041 639 2118 victorque
656 2041 745 2100 Sinon
760 2042 894 2102 incendia
908 2042 1010 2103 miscet

264 2121 412 2180 insultans.
454 2121 542 2199 portis
556 2121 604 2180 alii
619 2121 813 2200 bipatentibus
825 2125 939 2194 adsunt,
1091 2153 1131 2195 330

264 2201 344 2260 milia
359 2217 429 2280 quot
443 2203 553 2279 maguis
568 2223 704 2281 umquam
719 2223 825 2263 venere
840 2204 997 2282 Mycenis;

264 2283 399 2341 obsedere
413 2283 462 2342 alii
477 2284 541 2342 telis
555 2299 672 2360 angusta
686 2284 796 2343 viarum

264 2363 410 2456 oppositi;
431 2379 484 2424 stat
500 2364 568 2422 ferri
583 2364 657 2423 acies
671 2384 810 2424 mucrone
826 2385 946 2425 corusco

264 2445 370 2515 stricta,
384 2460 480 2522 parata
493 2444 581 2517 neci;
602 2445 652 2504 vix
666 2445 751 2522 prims
744 2446 874 2524 'proelia
887 2462 1031 2553 temptant

264 2539 408 2603 portarurn
423 2525 533 2602 vigiles,
547 2542 577 2585 et
591 2545 677 2585 caeco
693 2527 790 2586 Marte
804 2525 958 2587 resistunt?

264 2605 371 2664 talibus
382 2606 546 2683 Othryadae
559 2607 644 2665 dictis
658 2622 687 2666 et
701 2607 822 2666 numine
835 2608 933 2667 divom

264 2686 295 2744 in
310 2685 437 2746 flammas
451 2701 480 2746 et
494 2687 524 2744 in
539 2707 617 2746 arma
632 2687 717 2759 feror,
731 2707 789 2767 quo
802 2689 888 2748 tristis
902 2689 1015 2766 Erinys,

264 2787 322 2845 quo
335 2767 467 2826 fremitus
482 2783 566 2826 vocat
581 2782 611 2827 et
624 2767 749 2826 sublatus
763 2769 797 2827 ad
812 2771 926 2828 aethera
939 2771 1058 2829 clamor.

265 2847 372 2906 addunt
386 2869 415 2906 se
430 2848 520 2908 socios
535 2847 664 2926 Rhipeus
678 2864 708 2907 et
721 2850 862 2909 maximus
875 2850 959 2910 armis

265 2928 384 3005 Epytus,
397 2930 486 2988 oblati
500 2950 549 3008 per
564 2928 672 3000 lunam,
686 2929 874 3024 Hypanisque
888 2930 1065 3010 Dymasque,
1092 2959 1129 2998 ³40

265 3023 294 3066 et
308 3009 390 3067 lateri
405 3009 600 3086 adglomerant
614 3025 721 3082 nostro,
734 3010 903 3090 iuvenisque
918 3010 1067 3070 Coroebus

267 3089 467 3164 Mygdonides.
510 3090 567 3149 illis
581 3091 617 3148 ad
631 3089 752 3150 Troiam
767 3091 840 3150 forte
854 3091 953 3150 diebus

265 3185 390 3241 venerat,
406 3170 506 3228 insano
521 3170 716 3230 Cassandrae
708 3191 841 3230 incensus
856 3192 961 3243 amore,

266 3265 294 3308 et
308 3270 394 3326 gener
409 3251 548 3344 auxilium
564 3252 678 3310 Priamo
693 3251 906 3331 Phrygibusque
922 3251 1041 3322 ferebat,

265 3329 378 3401 infelix,
393 3330 515 3409 quinon
531 3353 647 3408 sponsae
662 3347 812 3409 praecepta
826 3333 948 3392 furentis
1027 3371 1029 3376 ι

264 3411 395 3470 audierit.
