2558 4112
244 339 289 386 1⁶8
518 335 546 383 P.
564 332 707 383 VERGILI
725 334 885 384 MARONIS

284 463 1158 544 menefugis?peregohaslacrimasdextramquetuamte,—
1226 472 1229 478 '

284 546 401 624 quando
417 545 495 604 aliud
510 545 583 604 mihi
598 545 656 603 iam
671 544 791 604 miserae
806 543 880 604 nihil
892 545 957 623 ipsa
971 547 1119 625 reliqui—-

282 647 336 705 per
351 626 475 684 conubia
491 643 597 698 nostra,
612 647 665 704 per
679 625 809 704 inceptos
824 628 1010 703 hymenaeos,

283 706 306 766 si
321 707 397 766 bene
412 707 534 785 quidde
550 722 579 765 te
594 707 696 778 merui,
712 707 769 766 fuit
783 722 833 765 aut
847 707 900 765 tibi
915 706 1070 786 quicquam

282 788 370 847 dulce
385 809 492 860 meum,
515 787 651 846 miserere
666 787 768 846 domus
783 787 917 860 labentis,
934 805 964 847 et
977 790 1070 862 istam,

282 889 343 942 oro,
358 868 380 927 si
396 868 458 947 quis
474 869 568 927 adhuc
582 868 716 946 precibus
732 869 821 940 locus,
836 889 910 927 exue
925 884 1065 930 mentem.

284 965 314 1008 te
329 966 448 1028 propter
463 949 592 1026 Libycae
607 965 709 1025 gentes
723 949 951 1028 Nomadumque
965 950 1081 1027 tyranni
1117 981 1155 1020 320

282 1032 381 1102 odere,
394 1030 502 1089 infensi
519 1031 625 1107 Tyrii;
648 1045 677 1088 te
692 1045 810 1108 propter
825 1031 952 1090 eundem

283 1112 443 1172 exstinctus
458 1111 561 1190 pudor,
578 1128 616 1184 et,
633 1131 689 1190 qua
705 1111 764 1169 sola
778 1111 870 1170 sidera
885 1111 1009 1184 adibam,

282 1194 360 1252 fama
374 1192 461 1270 prior.
504 1193 551 1251 cui
567 1213 614 1252 me
631 1192 835 1251 moribundam
850 1192 965 1266 deseris,
981 1195 1102 1272 hospes?

282 1275 338 1332 hoc
354 1274 448 1332 solum
464 1293 571 1333 nomen
588 1273 728 1351 quoniam
745 1274 782 1332 de
797 1273 920 1349 coniuge
934 1289 1032 1334 restat.

282 1355 354 1432 quid
367 1358 483 1413 moror?
504 1375 540 1412 an
556 1375 622 1412 mea
639 1354 809 1430 Pygmalion
827 1355 898 1413 dum
913 1353 1028 1412 moenia
1043 1355 1129 1413 frater

282 1435 419 1507 destruat,
435 1449 483 1493 aut
498 1450 611 1512 captam
628 1435 715 1494 ducat
730 1434 873 1494 Gaetulus
888 1435 1005 1494 Iarbas?

282 1517 385 1575 saltem
400 1515 422 1574 si
438 1535 494 1594 qua
508 1515 581 1574 mihi
597 1516 633 1575 de
648 1531 678 1574 te
693 1530 824 1593 suscepta
838 1515 938 1574 fuisset

283 1613 351 1655 ante
365 1597 463 1672 fugam
478 1597 601 1668 suboles,
617 1596 640 1654 si
656 1595 719 1675 quis
734 1596 806 1656 mihi
820 1597 956 1675 parvulus
970 1596 1036 1656 aula

283 1678 397 1736 luderet
410 1678 533 1750 Aeneas,
549 1677 598 1756 qui
615 1694 642 1736 te
660 1692 757 1736 tamen
772 1698 822 1736 ore
836 1678 966 1749 referret,

282 1779 341 1817 non
358 1758 494 1838 equidem
510 1759 632 1817 omnino
648 1775 731 1837 capta
747 1779 778 1817 ac
792 1757 905 1817 deserta
919 1758 1054 1818 viderer!
1114 1787 1151 1828 330

321 1840 444 1899 dixerat.
486 1839 538 1898 ille
553 1839 629 1898 Iovis
646 1839 763 1898 monitis
778 1839 889 1898 inmota
904 1839 1023 1898 tenebat

281 1921 402 1990 lumina,
419 1935 446 1978 et
461 1920 584 1979 obnixus
601 1941 700 1979 curam
716 1921 768 1978 sub
783 1920 870 1978 corde
884 1920 1043 1998 premebat.

282 2002 400 2060 tandem
414 2021 506 2078 pauca
521 2001 628 2060 refert:
651 2007 722 2077 ‘ego
737 2016 776 2072 te,
792 2020 866 2079 quae
883 2000 1008 2078 plurima
1023 2001 1111 2059 fando

282 2101 452 2140 enumerare
467 2081 556 2153 vales,
572 2101 743 2160 numquam,
759 2081 880 2158 Regina,
896 2081 1007 2157 negabo

281 2162 486 2241 promeritam3
509 2183 562 2221 nec
579 2183 626 2221 me
641 2161 807 2222 meminisse
822 2162 931 2240 pigebit
949 2162 1065 2235 Elissae,

280 2244 350 2302 dum
365 2263 476 2302 memor
490 2243 552 2322 ipse
568 2244 635 2316 mei,
652 2243 722 2302 dum
738 2243 852 2322 spiritus
866 2245 919 2302 hos
933 2243 1007 2318 regit
1021 2259 1106 2302 artus.

280 2346 333 2403 pro
344 2345 375 2382 re
385 2345 478 2402 pauca
488 2325 599 2404 loquar.
622 2345 719 2403 neque
731 2325 783 2400 eg'o
797 2325 873 2383 hanc
885 2324 1063 2384 abscondere
1075 2325 1150 2382 furto

280 2404 401 2484 speravi,
417 2425 455 2463 ne
470 2405 555 2481 finge,
573 2406 689 2481 fugam3
710 2426 766 2464 nec
781 2403 911 2481 coniugis
926 2425 1064 2483 umquam

278 2486 430 2564 praetendi
446 2487 553 2558 taedas,
571 2501 619 2544 aut
634 2487 707 2546 haec
722 2487 753 2544 in
769 2486 885 2546 foedera
900 2486 978 2546 veni.

280 2587 327 2626 me
342 2566 364 2625 si
380 2568 438 2625 fata
453 2566 524 2625 meis
541 2582 711 2644 paterentur
725 2567 832 2626 ducere
846 2566 935 2626 vitam
1113 2595 1149 2634 340

279 2647 421 2725 auspiciis,
437 2663 466 2706 et
481 2663 584 2725 sponte
599 2668 663 2707 mea
678 2669 853 2726 componere
867 2667 958 2720 curas,

279 2730 381 2788 urbem
397 2727 560 2787 Troianam
575 2729 702 2808 primum
717 2730 874 2809 dulcesque
888 2747 1020 2788 meorum

278 2809 414 2888 reliquias
430 2808 580 2882 colerem
602 2811 707 2870 Priami
723 2827 800 2871 tecta
815 2811 873 2868 alta
888 2824 1048 2882 manerent,

279 2906 308 2948 et
321 2889 448 2949 recidiva
464 2911 552 2950 manu
568 2891 726 2969 posuissem
741 2892 879 2968 Pergama
893 2889 987 2949 victis.

278 2970 329 3029 sed
343 2991 422 3031 nunc
438 2972 553 3031 Italiam
570 2992 704 3048 magnam
720 2974 855 3049 Gryneus
869 2970 987 3049 Apollo,

279 3049 396 3111 Italiam
411 3053 518 3128 Lyciae
532 3053 640 3112 iussere
655 3073 802 3131 capessere
817 3067 915 3112 sortes.

278 3131 326 3190 hic
343 3152 431 3206 amor,
447 3135 519 3194 haec
535 3135 626 3212 patria
642 3151 694 3194 est.
736 3133 758 3191 si
774 3148 803 3191 te
819 3131 1003 3208 Carthaginis
1019 3151 1097 3190 arces

279 3212 468 3272 Phoenissam
483 3215 669 3292 Libycaeque
685 3228 815 3292 aspectus
830 3214 945 3273 detinet
960 3211 1049 3282 urbis,

278 3315 353 3372 quae
368 3295 496 3367 tandem,
510 3295 639 3354 Ausonia
654 3295 785 3354 Teucros
800 3295 951 3354 considere
967 3309 1053 3364 terra,

179 3400 182 3407 ·
277 3373 387 3434 invidia
403 3379 462 3433 est?
485 3389 514 3433 et
528 3395 579 3434 nos
594 3376 635 3433 fas
650 3392 748 3435 extera
765 3396 902 3454 quaerere
916 3394 1014 3451 regna.
1113 3399 1148 3440 350
