2556 4116
513 382 542 429 P.
559 378 701 428 VERGILI
718 379 877 428 MARONIS

280 513 364 593 plura
377 513 496 570 domum
511 511 597 570 tardis
610 511 758 571 decedere
764 511 912 590 plaustra
903 532 1053 584 iuvencis,

282 610 330 654 aut
345 593 444 652 unde'
437 609 523 652 iratus
538 593 638 651 silvam
652 591 768 652 devexit
782 608 873 652 arator

281 693 310 736 et
325 695 442 734 nemora
457 674 560 733 evertit
574 674 702 733 multos
694 693 796 749 ignava
809 694 861 752 per
874 695 972 744 annos¹

281 757 467 835 antiquasque
481 755 581 815 domos
595 754 691 813 avium
705 775 774 813 cum
788 755 922 832 stirpibus
937 755 1002 816 imis

280 837 371 897 eruit:
394 836 460 896 illae
475 837 566 896 altum
581 835 656 894 nidis
670 837 780 914 petiere
793 836 911 908 relictis,
1114 869 1157 898 ιω

280 935 308 978 at
322 918 399 977 rudis
414 917 520 977 enituit
534 917 650 994 inpulso
662 937 779 975 vomere
794 937 938 995 campus

280 1020 348 1058 nam
362 999 459 1058 ieiuna
472 997 590 1078 quidem
605 993 705 1056 clivoii
720 997 814 1073 glarea
827 998 900 1057 ruris

279 1081 328 1139 vir
342 1081 466 1142 humiles
480 1079 580 1157 apibus
594 1079 681 1138 casias
695 1098 846 1158 roremque
860 1079 1021 1151 ministratt

281 1176 310 1221 et
324 1161 399 1220 tofus
414 1160 554 1220 scaberet
568 1159 656 1236 nigris
670 1179 754 1220 exesa
768 1159 912 1238 chelydris

280 1257 357 1302 creta
370 1257 479 1318 negant
493 1241 561 1300 alios
575 1261 666 1320 aeque
681 1241 860 1320 serpentibus
874 1262 952 1318 agros

279 1323 397 1382 dulcem
411 1323 485 1380 ferre
500 1321 599 1383 cibum
613 1337 643 1382 et
658 1343 758 1381 curvas
770 1321 905 1400 praebere
920 1323 1049 1384 latebras.

279 1424 352 1484 quae
367 1419 486 1463 tenuem
500 1404 615 1462 exhalat
628 1403 766 1462 nebulam
781 1405 933 1481 fumosque
947 1405 1087 1475 volucres,

280 1500 309 1544 et
323 1484 397 1543 bibit
411 1503 543 1543 umorem
557 1499 595 1556 et,
611 1503 679 1542 cum
694 1485 768 1556 vult,
783 1505 818 1542 ex
834 1505 862 1543 se
877 1484 936 1562 ipsa
949 1485 1086 1556 remittit,¹

280 1585 409 1645 quaeque
424 1585 475 1623 suo
489 1584 601 1642 semper
615 1564 713 1623 viridis
729 1585 758 1623 se
772 1565 900 1640 gramine
914 1565 1009 1637 vestit,

279 1666 334 1704 nec
350 1645 444 1704 scabie
459 1661 488 1704 et
502 1646 572 1704 salsa
585 1646 676 1704 laedit
691 1646 823 1722 robigine
838 1647 954 1716 ferrum,
1111 1677 1152 1706 πω

279 1726 329 1785 illa
343 1727 396 1785 tibi
411 1726 491 1786 laetis
505 1726 617 1788 intexet
630 1726 737 1792 vitibus
753 1727 855 1798 ulmos,

279 1806 329 1866 illa
343 1808 422 1866 ferax
437 1807 502 1867 oleo
517 1823 567 1881 est,
583 1807 664 1868 illam
680 1807 827 1886 experiere
842 1806 965 1866 colendo

279 1905 309 1948 et
322 1889 439 1949 facilem
454 1888 551 1965 pecori
567 1904 595 1948 et
609 1889 770 1983 patientem
784 1888 905 1948 vomeris
919 1888 999 1948 unci.

279 1969 367 2029 talem
382 1970 461 2028 dives
475 1986 532 2029 arat
548 1971 649 2047 Capua
663 1985 693 2029 et
707 1970 809 2029 vicina
817 1970 946 2028 Vesaevo

279 2071 328 2108 ora
341 2050 409 2126 iugo
423 2064 452 2109 et
466 2051 561 2108 vacuis
576 2050 698 2111 Clanius
712 2071 771 2110 non
786 2071 891 2129 aequus
903 2048 1027 2112 Acerris.

320 2151 398 2189 nunc
414 2151 472 2210 quo
485 2151 628 2209 quamque
643 2131 730 2190 modo
744 2131 831 2209 possis
845 2151 1018 2226 cognoscere
1031 2130 1137 2191 dicam.

277 2233 340 2271 rara
353 2211 389 2271 sit
404 2232 440 2270 an
455 2232 539 2289 supra
552 2232 662 2272 morem
678 2233 699 2271 sr
692 2212 803 2272 densa
816 2213 986 2292 requires-

278 2293 364 2351 altera
380 2293 531 2352 frumentis
545 2294 682 2372 quoniam
698 2294 785 2364 favet,
799 2294 887 2353 altera
902 2295 1029 2364 Baccho,

277 2374 365 2433 densa
378 2373 466 2450 magis
482 2374 594 2446 Cereri,
608 2374 750 2434 rarissima
764 2394 894 2454 quaeque
908 2374 1047 2451 Lyaeo-

277 2469 345 2513 ante
359 2455 458 2514 locum
472 2454 566 2532 capies
582 2456 673 2515 oculis
689 2454 803 2533 alteque
817 2454 928 2513 iubebis
1111 2483 1150 2523 230

277 2535 308 2594 in
324 2535 415 2594 solido
428 2551 550 2614 puteum
564 2536 687 2609 demitti,
703 2555 879 2613 omnemque
893 2554 1012 2610 repones

277 2637 372 2675 rursus
387 2618 509 2677 humum
524 2632 554 2676 et
567 2617 688 2694 pedibus
703 2635 827 2676 summas
842 2614 975 2693 aequabis
989 2617 1117 2675 harenas.

277 2696 300 2754 si
315 2697 431 2770 derunt,
445 2717 551 2770 rarum,
564 2698 720 2776 pecorique
736 2712 766 2756 et
779 2695 886 2754 vitibus
901 2695 983 2756 almis

278 2777 369 2855 aptius
384 2779 455 2837 uber
469 2779 543 2849 erit;
564 2779 607 2838 sin
623 2779 655 2837 in
670 2799 720 2840 sua
734 2798 814 2856 posse
830 2777 976 2852 negabunt

277 2857 320 2916 ire
334 2859 399 2917 loca
413 2875 441 2919 et
456 2860 602 2918 scrobibus
619 2859 763 2936 superabit
777 2875 852 2918 terra
865 2857 989 2935 repletis,

278 2938 379 3016 spissus
393 2960 476 3016 ager;
497 2940 609 3016 glaebas
625 2956 794 3000 cunctantes
809 2960 955 3017 crassaque
970 2954 1049 3014 terga

278 3036 412 3096 exspecta
426 3035 456 3079 et
469 3020 570 3080 validis
586 3037 691 3080 terram
706 3021 859 3098 proscinde
873 3019 1012 3080 iuvencis.

277 3100 348 3158 salsa
362 3116 459 3160 autern
473 3103 560 3164 tellus
575 3116 603 3161 et
618 3122 692 3180 quae
707 3102 875 3179 perhibetur
889 3121 993 3172 amara,

277 3180 407 3256 frugibus
421 3181 600 3243 infelix-ea
615 3203 670 3242 nec
686 3182 859 3242 mansuescit
874 3182 989 3252 arando,

278 3281 332 3320 nec
348 3261 465 3322 Baccho
478 3284 568 3340 genus
583 3279 632 3324 aut
645 3264 740 3342 pomis
755 3285 804 3324 sua
817 3262 937 3323 nomina
950 3274 1084 3320 servat-
1109 3289 1147 3329 ιφ

276 3342 333 3400 tale
348 3342 428 3402 dabit
442 3345 608 3422 specimen:
631 3360 663 3404 tu
679 3345 766 3424 spisso
779 3344 889 3404 vimine
903 3343 1003 3422 qualos

397 3450 442 3484 221
461 3436 553 3488 intexit.
620 3453 667 3487 222
684 3441 755 3490 oleae.
821 3453 868 3500 227
886 3437 992 3500 requirar.
