2556 4116
364 346 550 396 Itucoucn:
568 347 639 396 ECL.
656 347 720 396 VIII

406 591 577 651 ECLOGA
598 592 677 651 VIII

390 723 694 773 rununncsunnrn

363 842 467 891 Dauos.
531 846 720 894 Anniusosus.

125 947 286 1005 Pictonum
302 945 419 1003 Musam
434 945 575 1004 Damonis
590 962 618 1005 et
631 945 828 1024 Alphesiboei,

124 1028 270 1086 inmemor
283 1025 436 1084 herbarum
452 1047 522 1104 quos
536 1043 579 1086 est
593 1026 693 1085 mirata
706 1026 829 1086 iuvenca

125 1122 278 1179 certantes,
292 1126 417 1185 quorum
432 1108 609 1184 stupefactae
623 1107 750 1166 carmine
764 1108 872 1184 lynces,

125 1204 154 1248 et
168 1203 279 1246 mutata
292 1208 356 1247 suos
370 1187 540 1266 requierunt
555 1187 676 1247 flumina
689 1208 796 1260 cursus,

125 1268 267 1328 Damonis
282 1269 400 1327 Musam
414 1268 544 1326 dicemus
560 1283 589 1328 et
602 1269 799 1346 Alphesiboei.

165 1365 198 1408 tu
213 1349 286 1408 mihi
301 1370 350 1408 seu
365 1349 463 1425 magni
479 1369 592 1426 superas
606 1349 664 1408 iam
678 1370 742 1408 saxa
757 1349 884 1422 Timavi,

126 1430 184 1488 sive
198 1451 277 1490 oraru
292 1429 402 1506 Illyrici
418 1429 487 1506 legis
503 1430 641 1508 aequoris,
657 1450 694 1488 en
709 1430 763 1489 erit
777 1451 914 1510 umquam

126 1511 176 1570 ille
191 1511 260 1582 dies,
276 1510 348 1569 mihi
364 1531 432 1571 cum
447 1511 534 1570 liceat
549 1526 597 1569 tua
611 1511 706 1570 dicere
721 1512 818 1570 facta?

126 1612 162 1651 en
179 1592 234 1650 erit
248 1608 281 1650 ut
295 1590 380 1650 liceat
395 1608 490 1650 totum
505 1591 577 1650 mihi
592 1593 665 1650 ferre
680 1612 731 1669 per
743 1591 843 1650 orbem

126 1674 185 1732 sola
200 1673 362 1750 Sophocleo
376 1688 425 1731 tua
441 1672 568 1731 carmina
581 1672 666 1748 digna
680 1675 844 1732 cothurno?
972 1703 996 1732 ιο

126 1775 142 1814 a
155 1769 185 1813 te
198 1753 385 1832 principium,
402 1753 455 1812 tibi
471 1753 592 1812 desinet.
634 1753 734 1830 accipe
748 1753 829 1812 iussis

126 1835 253 1894 carmina
268 1850 369 1912 coepta
384 1834 450 1905 tuis,
466 1849 552 1912 atque
566 1836 641 1892 hanc
657 1834 717 1894 sine
732 1849 861 1911 tempora
874 1834 985 1894 circum

125 1917 202 1975 inter
216 1915 349 1974 victrices
363 1915 500 1974 hederam
516 1915 569 1974 tibi
584 1935 696 1992 serpere
710 1915 815 1974 laurus.

167 1995 270 2072 frigida
283 1996 428 2060 vincaelo
443 1995 535 2054 noctis
551 1996 709 2055 decesserat
723 1996 832 2067 umbra,

127 2096 195 2136 cum
209 2097 254 2134 ros
268 2076 300 2134 in
315 2091 414 2135 tenera
427 2077 526 2154 pecori
542 2077 713 2152 gratissimus
727 2077 837 2137 herba:

125 2158 299 2216 incumbens
314 2157 398 2216 tereti
415 2158 530 2216 Damon
547 2158 586 2215 sic
602 2158 698 2235 coepit
712 2158 812 2218 olivae.

170 2238 210 2298 D.
236 2258 360 2310 nascere,
387 2258 511 2317 praeque
537 2238 614 2296 diem
639 2237 758 2298 veniens
783 2259 842 2314 age,
868 2238 997 2309 Lucifer,

208 2321 326 2389 almum,

127 2400 256 2476 coniugis
270 2400 391 2476 indigno
406 2401 502 2476 Nysae
517 2400 655 2478 deceptus
669 2420 764 2460 amore

126 2481 197 2539 dum
211 2502 323 2560 queror,
339 2497 368 2540 et
383 2481 470 2552 divos,
487 2502 660 2560 quamquam
675 2481 716 2540 nil
732 2480 851 2540 testibus
866 2479 922 2539 illis

126 2561 247 2639 profem,
261 2578 388 2621 extrema
403 2563 528 2622 moriens
543 2579 639 2622 tamen
655 2563 793 2640 adloquor
807 2564 885 2621 hora.
972 2591 998 2620 ω

167 2641 265 2719 incipe
281 2643 443 2701 Maenalios
459 2664 584 2716 mecum,
600 2664 664 2702 mea
679 2643 756 2715 tibia,
770 2663 875 2702 versus.

127 2724 282 2782 Maenalus
297 2740 486 2802 argutumque
501 2745 602 2783 nemus
618 2724 757 2803 pinosque
773 2724 921 2802 loquentes

127 2824 239 2882 semper
253 2804 363 2875 habet3
385 2825 496 2882 semper
510 2821 654 2882 pastorum
669 2805 719 2863 ille
735 2804 813 2863 audit
828 2825 936 2862 amores

128 2884 273 2962 Panaque,
287 2885 336 2964 qui
351 2885 460 2964 primus
475 2886 597 2944 calamos
612 2907 671 2944 non
687 2906 782 2962 passus
796 2885 910 2943 inertes.

167 2965 266 3045 incipe
282 2966 444 3027 Maenalios
458 2986 584 3038 mecum,
600 2987 663 3024 mea
678 2966 755 3038 tibia,
771 2987 875 3025 versus.

128 3045 237 3124 Mopso
251 3045 332 3123 Nysa
346 3047 429 3106 datur
443 3070 450 3105 :
471 3047 542 3126 quid
556 3067 614 3104 non
630 3067 776 3124 speremus
791 3053 939 3106 amantes?

127 3126 285 3202 iungentur
299 3127 357 3186 iam
370 3147 471 3206 grypes
486 3127 575 3206 equis,
592 3147 718 3206 aevoque
734 3128 864 3207 sequenti

128 3227 197 3267 cum
212 3207 331 3266 canibus
346 3207 441 3267 timidi
456 3207 576 3267 venient
590 3208 626 3266 ad
639 3209 743 3285 pocula
757 3209 898 3268 dammae.

168 3287 267 3365 incipe
284 3288 446 3348 Maenalios
460 3297 586 3359 mecum,
603 3309 666 3348 mea
681 3289 758 3362 tibia,
774 3311 878 3349 versus.

467 3419 493 3451 ιι
514 3404 623 3454 desinam.
