2568 4114
264 383 312 418 220
535 364 563 414 P.
580 362 725 412 VERGILI
741 361 900 412 MARONIS

302 496 439 556 verbera:
461 511 524 555 tum
538 492 641 552 stridor
655 494 733 564 ferri,
748 509 911 572 tractaeque
926 508 1055 552 catenae.

303 575 435 638 constitit
449 577 560 635 Aeneas
576 575 786 654 strepitumque
801 575 952 634 exterritus
966 575 1079 633 hausit:

283 665 375 738 ‘quae
390 657 534 716 scelerum
548 655 656 714 facies?
676 676 694 713 o
708 654 797 731 virgo,
813 655 899 714 effare
908 680 918 726 ;
938 655 1079 734 quibusve
1134 675 1175 722 560

303 753 462 814 urguentur
476 736 597 814 poenis?
617 736 681 815 quis
696 751 792 795 tantus
807 736 925 813 plangor
939 737 975 794 ad
989 757 1069 794 auras
1078 734 1101 795 l'

303 835 366 879 tum
381 833 459 878 vates
474 817 515 876 sic
529 838 592 876 orsa
606 816 705 896 loqui:
727 817 803 875 ‘dux
819 816 928 876 inclute
944 817 1106 887 Teucrum,

303 900 378 959 nulli
393 899 435 958 fas
450 913 529 957 casto
544 898 714 956 sceleratum
729 897 859 956 insistere
873 894 983 968 limen;

302 980 353 1039 sed
367 999 413 1038 me
428 999 496 1038 cum
511 979 584 1037 lucis
599 979 713 1037 Hecate
727 977 867 1056 praefecit
880 977 1011 1050 Auernis,

303 1062 364 1138 ipsa
378 1061 465 1119 deum
479 1079 586 1137 poenas
602 1059 713 1130 docuit,
727 1079 836 1137 perque
851 1057 949 1117 omnia
963 1057 1057 1118 duxit.

303 1141 433 1201 Gnosius
447 1142 518 1198 haec
535 1139 774 1199 Rhadamanthus
789 1140 876 1198 habet
889 1139 1040 1198 durissima
1054 1157 1150 1214 regna,

303 1222 480 1300 castigatque
494 1221 633 1300 auditque
648 1219 728 1278 dolos
743 1219 907 1298 subigitque
921 1219 1013 1290 fateri,

303 1323 377 1382 quae
388 1302 452 1380 quis
468 1303 544 1378 apud
557 1321 684 1378 superos,
699 1301 777 1360 furto
793 1300 912 1359 laetatus
927 1300 1017 1372 inani,

303 1383 417 1441 distulit
430 1381 463 1438 in
478 1401 569 1440 seram
584 1382 737 1440 commissa
752 1381 865 1458 piacula
879 1397 1012 1440 mortem.

304 1463 448 1522 continuo
461 1477 556 1521 sontes
571 1462 660 1520 ultrix
676 1462 808 1521 accincta
822 1461 937 1537 flagello
1138 1490 1176 1530 ⁵70

305 1542 469 1621 Tisiphone
484 1542 578 1621 quatit
592 1542 744 1616 insultans,
761 1557 913 1622 torvosque
927 1541 1039 1600 sinistra

305 1624 453 1683 inteutans
468 1643 575 1698 angues
589 1638 675 1681 vocat
691 1623 806 1698 agmina
820 1643 902 1682 saeva
917 1642 1055 1683 sororum.

305 1721 369 1764 tum
383 1706 501 1763 demum
516 1703 664 1762 horrisono
679 1703 829 1763 stridentes
844 1705 961 1764 cardine
974 1724 1066 1762 sacrae

305 1785 472 1864 panduntur
485 1801 594 1862 portae.
637 1785 743 1856 cernis,
757 1785 887 1844 custodia
900 1784 991 1863 qualis

305 1866 449 1925 vestibulo
463 1865 578 1925 sedeat?
600 1865 687 1924 facies
702 1886 777 1944 quae
791 1864 893 1924 limina
907 1869 1018 1924 servet?

306 1946 516 2026 quinquaginta
530 1945 596 2005 atris
612 1946 738 2005 inmanis
752 1945 879 2004 hiatibus
895 1945 998 2023 Hydra

306 2027 414 2086 saevior
427 2026 505 2085 intus
520 2027 609 2084 habet
624 2027 731 2086 sedem.
775 2041 838 2086 tum
853 2027 992 2086 Tartarus
1006 2026 1069 2104 ipse·

306 2107 350 2166 bis
364 2122 443 2185 patet
457 2106 489 2164 in
503 2127 640 2186 praeceps
657 2123 771 2166 tantum
787 2107 939 2187 tenditque
954 2103 1006 2164 sub
1020 2107 1146 2177 umbras,

306 2203 430 2267 quantus
445 2186 482 2245 ad
495 2187 655 2246 aetherium
672 2188 743 2246 caeli
758 2203 905 2267 suspectus
920 2189 1091 2265 Olympum.

306 2269 354 2327 hic
369 2286 458 2344 genus
473 2267 626 2362 antiquum
643 2269 762 2342 Terrae,
778 2267 900 2328 Titania
914 2269 1012 2346 pubes,
1140 2285 1177 2335 580

307 2349 430 2408 fulmine
445 2349 561 2420 deiecti,
578 2349 669 2408 fundo
684 2350 846 2409 volvuntur¹
856 2349 887 2408 in
902 2349 979 2409 imo:

305 2430 354 2488 hic
371 2444 400 2488 et
414 2429 533 2490 Aloidas
547 2430 688 2506 geminos,
703 2427 832 2489 inmania
847 2429 907 2488 vidi

306 2531 434 2589 corpora,
450 2508 500 2588 qui
516 2510 649 2570 manibus
665 2530 803 2587 magnum
818 2510 979 2571 rescindere
993 2510 1107 2570 caelum

306 2591 437 2667 adgressi,
452 2588 618 2668 superisque
635 2591 735 2651 Iovem
750 2589 904 2651 detrudere
918 2591 1021 2668 regnis.

306 2672 366 2732 vidi
382 2687 412 2731 et
426 2671 556 2731 crudeles
571 2671 691 2732 dantem
708 2671 859 2732 Salmonea
872 2692 987 2752 poenas,

306 2752 377 2811 dum
392 2752 520 2812 flammas
535 2751 612 2810 Iovis
628 2768 658 2811 et
674 2752 783 2812 sonitus
797 2753 928 2813 imitatur
942 2751 1074 2831 Olympi.

306 2849 443 2912 quattuor
456 2833 505 2892 hic
520 2833 652 2892 invectus
670 2833 750 2912 equis
767 2849 796 2894 et
811 2834 941 2913 lampada
954 2851 1088 2912 quassans

306 2933 358 2990 per
372 2913 495 2973 Graium
509 2913 631 2992 populos
648 2914 819 2993 mediaeque
832 2935 885 2994 per
898 2913 990 2972 Elidis
1005 2913 1107 2972 urbem

307 2993 368 3053 ibat
382 3015 480 3066 ovans,
493 2994 652 3074 divomque
667 2994 722 3054 sibi
737 2995 872 3072 poscebat
885 2996 1036 3064 honorem,

308 3073 438 3146 demens,
452 3074 502 3154 qui
518 3075 632 3135 nimbos
649 3091 678 3135 et
693 3095 753 3134 non
768 3075 912 3135 imitabile
926 3076 1052 3148 fulmen

308 3174 373 3212 aere
388 3169 418 3213 et
432 3156 623 3234 cornipedum
638 3157 724 3234 pulsu
740 3155 887 3215 simularet
901 3174 1051 3234 equorum.

309 3249 338 3292 at
353 3234 439 3292 Pater
454 3236 640 3314 omnipotens
655 3237 743 3296 densa
757 3235 833 3296 inter
848 3237 949 3295 nubila
964 3236 1056 3296 telum

310 3314 458 3386 contorsit,
474 3337 534 3374 non
549 3317 602 3376 ille
616 3318 703 3387 faces,
719 3338 773 3377 nec
789 3316 887 3377 fumea
901 3317 992 3377 taedis

370 3419 416 3471 559
431 3409 572 3471 strepituque
589 3444 595 3458 .
610 3444 616 3458 .
631 3444 638 3458 .
652 3409 733 3460 haesit.
769 3409 814 3472 561
833 3425 905 3460 sures.
941 3421 985 3473 591
1004 3421 1082 3457 euna.
