2558 4112
248 371 293 432 164
521 369 548 418 P.
565 367 709 417 VERGILI
726 366 885 416 MARONIS

289 521 344 561 nec
360 501 417 560 iam
432 499 572 560 furtivum
585 498 665 560 Dido
679 497 836 557 meditatur
849 517 997 557 amorem:

289 581 455 658 coniugium
471 595 576 651 vocat,
597 582 654 638 hoc
668 579 811 656 praetexit
825 578 945 638 nomine
960 577 1086 655 culpam.

331 662 476 741 extemplo
491 661 601 738 Libyae
615 681 731 736 magnas
744 658 768 719 it
783 661 869 719 Fama
882 680 935 737 per
949 659 1041 730 urbes,

290 747 385 815 Fama,
400 743 510 801 malum
524 763 580 820 qua
594 760 654 798 non
669 741 748 799 aliud
761 740 889 800 velocius
904 739 997 800 ullum
1009 764 1019 810 ς

290 823 450 884 mobilitate
464 822 551 898 viget,
565 821 697 900 viresque
712 821 836 900 adquirit
851 820 947 880 eundo
959 845 969 892 ς

289 927 376 985 parva
390 917 471 962 metu
484 902 589 980 primo,
604 922 672 961 mox
687 923 746 960 sese
760 901 868 961 attollit
882 900 912 958 in
927 921 1019 972 auras,

289 985 507 1062 ingrediturque
521 984 591 1055 solo,
608 998 637 1042 et
652 998 738 1061 caput
752 981 829 1040 inter
843 981 943 1040 nubila
958 980 1068 1042 condit.

290 1067 371 1125 illam
385 1065 479 1123 Terra
493 1083 604 1142 parens,
618 1063 659 1122 ira
673 1060 788 1121 inritata
802 1063 930 1131 deorum,

290 1161 459 1215 extremam,
473 1161 505 1203 ut
519 1144 683 1222 perhibent,
699 1143 780 1204 Coeo
795 1143 1001 1220 Enceladoque
1016 1162 1141 1202 sororem

290 1226 452 1306 progenuit,
467 1225 590 1303 pedibus
605 1226 731 1284 celerem
746 1241 775 1283 et
788 1223 955 1303 pernicibus
970 1223 1043 1294 alis;
1118 1241 1157 1280 180

290 1322 451 1366 monstrum
471 1305 659 1376 horrendum,
673 1305 784 1381 ingens,
800 1305 847 1364 cui
869 1318 940 1383 quot
954 1318 1022 1363 sunt
1036 1323 1157 1380 corpore

371 1387 497 1464 plumae,

291 1483 334 1527 tot
348 1466 449 1542 vigiles
463 1466 542 1525 oculi
557 1467 663 1540 subter,
678 1466 810 1526 mirabile
824 1465 915 1537 dictu,

291 1563 334 1606 tot
349 1547 473 1622 linguae,
490 1547 612 1606 totidem
627 1568 675 1606 ora
689 1561 801 1618 sonant,
817 1561 860 1606 tot
875 1545 995 1622 subrigit
1008 1564 1097 1606 aures.

291 1644 377 1687 nocte
392 1627 469 1685 volat
482 1627 555 1686 caeli
571 1627 669 1686 medio
684 1642 834 1706 terraeque
847 1647 901 1704 per
915 1626 1046 1686 umbram

291 1708 421 1778 stridens,
438 1728 492 1766 nec
507 1707 587 1766 dulci
602 1707 730 1767 declinat
744 1707 856 1766 lumina
870 1727 993 1774 somn03

291 1790 357 1848 luce
373 1789 453 1848 sedet
466 1803 559 1848 custos
575 1805 624 1848 aut
638 1788 741 1847 summi
756 1789 885 1848 culmine
900 1787 980 1860 tecti,

291 1870 417 1929 turribus
431 1886 479 1929 aut
493 1870 566 1940 altis,
583 1885 612 1929 et
625 1888 742 1944 magnas
755 1869 865 1929 territat
878 1869 973 1940 urbes,

291 1965 350 2009 tam
365 1949 425 2009 ficti
440 1950 578 2028 pravique
593 1965 681 2009 tenax
694 1970 781 2029 quam
796 1951 899 2008 nuntia
911 1951 982 2010 veri.

290 2032 363 2090 haec
379 2045 442 2088 tum
457 2030 613 2108 multiplici
628 2031 751 2109 populos
766 2051 897 2090 sermone
911 2029 1041 2108 replebat

291 2111 418 2187 gaudens
434 2126 463 2169 et
477 2111 582 2187 pariter
597 2111 673 2170 facta
687 2126 774 2191 atque
788 2111 898 2171 infecta
913 2110 1057 2170 canebat:
1120 2138 1159 2180 190

291 2191 403 2250 venisse
416 2192 551 2263 Aenean,
566 2192 696 2250 Troiano
710 2192 848 2269 sanguine
863 2208 983 2262 cretum,

292 2272 340 2332 cui
355 2291 383 2330 se
398 2271 520 2348 pulchra
533 2272 595 2331 viro
610 2272 745 2348 dignetur
759 2273 877 2349 iungere
892 2273 994 2345 Did0;

293 2373 371 2412 nunc
386 2352 515 2412 hiemem
529 2353 604 2412 inter
619 2373 648 2412 se
664 2354 744 2422 luxu,
760 2374 846 2431 quam
861 2354 956 2430 longa,
971 2352 1078 2423 fovere,

292 2453 445 2510 regnorum
458 2433 633 2492 inmemores
648 2433 782 2512 turpique
797 2434 936 2512 cupidine
950 2447 1057 2510 captos.

291 2515 363 2572 haec
379 2513 481 2592 passim
497 2515 550 2573 dea
564 2514 650 2573 foeda
664 2514 758 2571 virum
773 2514 911 2573 diffundit
925 2515 956 2573 in
970 2534 1027 2573 ora.

291 2594 422 2672 protinus
436 2595 473 2654 ad
487 2614 585 2670 regem
600 2615 697 2654 cursus
712 2594 864 2674 detorquet
878 2595 990 2664 Iarban,

293 2674 482 2752 incenditque
497 2674 627 2734 animum
642 2675 737 2747 dictis,
753 2689 838 2754 atque
853 2691 966 2751 aggerat
979 2675 1041 2736 iras.

333 2755 380 2813 hic
397 2755 563 2814 Hammone
578 2771 661 2825 satus,
676 2770 756 2834 rapta
772 2755 977 2814 Garamantide
992 2755 1141 2833 Nympha,

293 2835 401 2914 templa
415 2835 477 2894 Iovi
492 2851 612 2894 centum
627 2836 690 2894 latis
706 2836 833 2895 inmania
848 2836 951 2912 regnis,

293 2932 411 2975 centum
426 2937 485 2975 aras
498 2916 604 2995 posuit,
618 2915 793 2996 vigilemque
805 2932 961 2976 sacraverat
975 2916 1082 2992 ignem,
1121 2943 1158 2972 ιω

294 2996 427 3055 excubias
442 2997 540 3056 divom
556 3012 695 3066 aeternas,
710 2998 915 3076 pecudumque
930 3017 1031 3056 cruore

291 3075 399 3152 pingue
414 3077 515 3150 solum,
532 3094 561 3137 et
575 3077 659 3136 variis
672 3075 804 3138 florentia
819 3077 920 3136 limina
934 3076 1023 3136 sertis.

292 3156 373 3232 isque
387 3177 485 3216 amens
500 3158 598 3230 animi,
615 3173 644 3217 et
658 3178 770 3216 rumore
785 3178 921 3217 accensus
937 3177 1041 3229 amaro,

292 3235 398 3296 dicitur
413 3253 479 3296 ante
495 3259 562 3308 aras,
578 3238 674 3297 media
687 3237 763 3296 inter
776 3237 897 3296 numina
911 3238 1020 3309 divom,

292 3316 384 3376 multa
399 3317 501 3378 Iovem
516 3319 648 3378 manibus
663 3318 786 3396 supplex
800 3339 891 3376 orasse
905 3317 1035 3395 supinis:

652 3425 698 3474 ¹74
713 3427 765 3474 quo.
