2568 4114
419 345 586 394 Asunuos
604 345 667 394 uns.
685 347 711 412 u

164 477 244 536 solve
259 492 373 547 metus;
394 492 422 534 et
438 491 469 534 tu
485 475 630 535 Troianos
644 471 722 535 exue*
734 475 865 534 caestus!
996 507 1035 544 ρο

163 559 236 616 haec
252 557 329 615 fatus
343 521 492 634 duplicem
507 577 543 615 ex
559 556 665 615 umeris
679 556 782 616 reiecit
795 557 945 631 amictum,

163 654 194 697 et
208 657 328 714 magnos
343 640 540 698 membrorum
555 653 642 710 artus,
657 657 760 730 magna
774 658 836 696 ossa
851 639 1032 718 lacertosque

164 719 255 791 exuit,
270 733 358 798 atque
373 718 475 796 ingens
490 718 584 777 media
599 717 732 778 consistit
745 720 863 778 harena.

163 815 228 859 tum
242 814 319 859 satus
334 799 464 858 Anchisa
478 814 590 858 caestus
604 815 686 877 pater
700 799 808 858 extulit
822 820 937 879 aequos,

164 897 194 940 et
207 881 323 973 paribus
338 881 447 958 palmas
462 880 635 939 amborum
626 880 763 939 tnnexuit
777 881 871 940 armis.

163 960 296 1022 constitit
310 960 342 1019 in
357 961 461 1037 digitos
477 961 626 1054 extemplo
641 977 767 1021 arrectus
782 978 913 1040 uterque,

163 1041 356 1121 bracchiaque
371 1042 408 1101 ad
422 1063 537 1120 superas
553 1041 703 1100 interritus
718 1042 824 1101 extulit
838 1063 929 1102 auras.

163 1123 309 1182 abduxere
324 1121 402 1182 retro
416 1123 503 1198 longe
517 1122 613 1200 capita
627 1123 716 1182 ardua
731 1123 767 1182 ab
781 1123 853 1196 ictu,

163 1203 379 1283 inmiscentque
394 1222 497 1262 manus
512 1203 654 1276 manibus,
668 1223 853 1283 pugnamque
868 1204 1033 1276 lacessunt3

163 1285 215 1343 ille
229 1286 337 1362 pedum
352 1283 456 1343 melior
471 1301 551 1343 motu
567 1285 715 1363 fretusque
729 1284 858 1357 iuventa,
995 1315 1034 1354 4³0

162 1364 212 1424 hic
227 1365 363 1424 membris
379 1380 408 1423 et
422 1365 499 1424 mole
516 1365 634 1424 valens:
656 1365 706 1424 sed
721 1365 801 1424 tarda
815 1365 952 1425 trementi

162 1466 256 1522 genua
271 1447 379 1518 labant,
394 1463 488 1505 vastos
503 1446 597 1526 quatit
612 1467 694 1522 aeger
708 1445 854 1505 anhelitus
869 1461 957 1504 artus.
1033 1481 1036 1488 .

163 1527 296 1586 multa
268 1527 322 1586 vrri
338 1527 518 1606 nequiquam
532 1527 610 1587 inter
624 1547 654 1586 se
668 1526 813 1586 vulnera'
805 1543 924 1601 lactant,

162 1608 254 1668 multa
268 1629 339 1667 cavo
352 1608 458 1668 lateri
450 1609 642 1685 rngeminant,
658 1623 688 1667 et
701 1623 820 1686 pectore
833 1624 926 1667 vastos

162 1689 234 1747 dant
248 1689 379 1761 sonitus;
400 1706 533 1768 erratque
548 1710 630 1749 aures
645 1704 675 1748 et
689 1703 819 1767 tempora
833 1688 945 1748 circum

163 1770 263 1828 crebra
277 1791 389 1843 manus,
405 1772 478 1829 duro
493 1770 638 1862 crepitant
653 1769 707 1827 sub
721 1769 843 1827 vulnere
857 1770 961 1828 malae.

163 1865 219 1909 stat
232 1851 324 1927 gravis
339 1851 473 1909 Entellus
488 1850 612 1928 nisuque
628 1849 757 1906 inmotus
772 1848 885 1922 eodem,

163 1951 281 2010 corpore
297 1932 355 1990 tela
370 1931 457 1989 modo
471 1946 558 2007 atque
573 1928 667 1987 oculis
681 1928 868 2005 vigilantibus
884 1930 953 1989 exit.

162 2012 225 2084 ille,
239 2013 322 2070 velut
337 2011 442 2070 celsam
457 2024 604 2101 oppugnat
619 2029 670 2088 qur
662 2008 809 2069 molibus
825 2011 926 2070 urbem

162 2108 212 2151 aut
227 2107 367 2150 montana
381 2089 501 2149 sedet
476 2109 587 2148 circum
602 2091 721 2149 castella
735 2091 789 2149 sub
803 2091 898 2164 armis,
994 2123 1033 2160 440

162 2192 243 2231 nunc
257 2174 320 2244 hos,
336 2189 416 2228 nunc
431 2169 497 2228 illos
513 2169 616 2242 aditus,
632 2190 810 2250 omnemque
823 2189 952 2250 pererrat

161 2269 223 2311 arte
238 2252 347 2324 locum,
362 2265 391 2310 et
404 2249 488 2309 variis
504 2249 686 2310 adsultibus
677 2251 781 2310 1nritus
797 2268 909 2328 urguet

161 2331 290 2392 ostendit
304 2330 458 2391 dextram
450 2351 600 2424 insurgens
615 2331 749 2390 Entellus
765 2347 794 2391 et
811 2334 869 2391 alte

163 2412 287 2473 extulit:
308 2411 382 2472 ille
374 2428 466 2471 tetum
480 2411 650 2472 venientem
664 2433 680 2470 a
694 2412 803 2472 vertice
817 2414 900 2471 velox

163 2493 313 2571 praevidit,
329 2493 477 2572 celerique
492 2494 603 2572 elapsus
619 2513 739 2571 corpore
755 2493 849 2553 cessit.

163 2575 297 2634 Entellus
311 2574 385 2634 vires
400 2573 432 2633 in
447 2589 568 2633 ventum
584 2574 697 2646 effudit,
712 2591 742 2634 et
756 2575 832 2633 ultro

163 2655 223 2733 ipse
237 2655 329 2732 gravis
342 2655 525 2734 graviterque
539 2656 576 2713 ad
591 2670 696 2714 terram
711 2655 840 2734 pondere
854 2670 934 2714 vasto

163 2736 302 2808 concidit,
319 2751 351 2795 ut
365 2737 514 2816 quondam
528 2756 598 2794 cava
613 2735 743 2795 concidit
758 2751 808 2795 aut
827 2735 1007 2812 Erymantho

163 2831 213 2875 aut
228 2816 280 2876 Ida
294 2816 325 2874 in
341 2837 445 2894 magna
459 2816 605 2875 radicibus
620 2833 702 2875 eruta
717 2816 811 2894 pinus.

163 2912 342 2973 consurgunt
356 2897 457 2956 studiis
473 2895 585 2956 Teucri
600 2911 629 2955 et
644 2896 800 2955 Trinacria
814 2898 924 2975 pubes;
993 2928 1032 2966 4⁵0

162 2977 186 3035 it
200 2977 310 3036 clamor
324 2977 415 3050 caelo,
430 2977 597 3055 primusque
613 2976 739 3036 accurrit
753 2978 882 3049 Acestes,

163 3076 399 3137 aequaevumque
415 3057 451 3115 ab
464 3059 555 3116 humo
570 3057 707 3116 miserans
722 3057 831 3117 attollit
845 3059 980 3119 amicum.

163 3154 191 3196 at
206 3158 265 3197 non
281 3137 408 3196 tardatus
423 3157 490 3197 casu
506 3158 601 3216 neque
617 3138 734 3197 territus
747 3140 831 3198 heros

163 3218 255 3277 acrior
269 3218 306 3276 ad
320 3237 446 3297 pugnam
461 3218 545 3292 redit,
560 3239 593 3278 ac
608 3218 668 3278 vim
682 3219 799 3279 suscitat
813 3219 874 3293 ira;

163 3315 226 3357 tum
239 3299 335 3377 pudor
348 3298 482 3358 incendit
496 3299 569 3358 vires
585 3316 613 3358 et
627 3300 743 3360 conscia
757 3301 857 3374 virtus,

489 3406 538 3455 449
555 3393 672 3444 radicitus.
