2568 4138
353 329 358 340 ’
442 368 607 417 Αιιιιιιιοι
625 368 687 417 ιιι.
705 368 757 417 ιιιι
1006 369 1051 432 3⁶3

94 542 96 555 .
189 499 214 557 it
228 519 305 556 mare
319 518 370 576 per
385 497 535 566 medium3
555 498 674 570 miseris,
690 500 756 568 heu,
771 497 898 576 praescia
913 499 997 574 longe

190 581 359 637 horrescunt
373 578 457 638 corda
471 579 603 655 agricolis
616 603 625 648 ;
646 579 726 639 dabit
740 579 792 637 ille
806 579 901 638 ruinas

190 659 345 731 arboribus,
360 673 539 738 stragemque
553 659 617 718 satis
630 684 641 729 ;
660 675 724 718 ruet
737 659 834 718 omnia
849 659 927 727 late3

190 757 258 799 ante
271 740 377 809 volant,
394 740 578 819 sonitumque
593 741 690 798 serunt
703 739 740 798 ad
754 740 837 798 litora
849 741 930 798 venti
945 762 951 799 :

191 821 254 880 talis
269 821 300 878 in
315 820 443 880 adversos
457 821 562 880 ductor
577 821 733 880 Rhoeteius
748 822 842 878 hostes

190 921 293 978 agmen
307 901 386 977 agit3
406 902 488 961 densi
504 902 604 962 cuneis
618 923 647 960 se
662 900 784 980 quisque
798 901 904 959 coactis

191 983 395 1058 adglomerant.
437 983 504 1042 ferit
518 1003 585 1041 ense
595 1003 708 1058 gravem
720 981 921 1058 Thymbraeus
934 981 1052 1051 Osirim,

190 1063 362 1122 Archetium
378 1064 559 1133 Mnestheus,
572 1063 737 1141 Epulonem
752 1063 906 1121 obtruncat
918 1063 1054 1132 Achates,

192 1144 393 1222 Ufentemque
409 1145 509 1220 Gyas;
530 1143 606 1202 cadit
621 1144 681 1221 ipse
696 1143 874 1202 Tolumnius
889 1161 989 1218 augur,
1016 1159 1054 1209 4⁶0

189 1224 299 1302 primus
312 1224 345 1282 in
359 1224 486 1283 adversos
501 1225 593 1283 telum
608 1224 658 1302 qui
674 1239 790 1282 torserat
803 1225 908 1282 hostes.

190 1305 302 1364 tollitur
316 1304 347 1364 in
361 1306 473 1364 caelum
488 1305 604 1375 clamor,
619 1305 750 1382 versique
763 1303 888 1363 vicissim

190 1384 391 1464 pulverulenta
406 1386 472 1460 fuga
486 1385 590 1444 Rutuli
605 1385 674 1444 dant
690 1401 765 1460 terga
779 1405 830 1462 per
844 1405 931 1460 agros.

190 1467 251 1544 ipse
265 1486 361 1545 neque
375 1487 483 1524 aversos
496 1466 632 1541 dignatur
645 1481 772 1524 sternere
786 1465 880 1534 morti,

191 1555 245 1606 nec
259 1548 333 1624 pede
349 1567 510 1622 congressos
525 1567 617 1624 aequo
635 1566 688 1605 nee
705 1548 761 1605 tela
776 1546 898 1606 ferentes

190 1627 351 1706 insequitur
364 1651 374 1695 3
395 1629 488 1689 solum
503 1628 589 1687 densa
604 1627 635 1685 in
650 1627 774 1702 caligine
789 1627 926 1686 Turnum

188 1709 307 1784 vestigat
322 1709 454 1779 lustrans,
470 1708 563 1768 solum
578 1708 610 1767 in
621 1708 777 1768 certamina
791 1708 895 1784 poscit.

189 1791 245 1848 hoc
260 1810 397 1849 concussa
410 1805 490 1850 metu
505 1803 636 1850 mentem
651 1789 773 1846 luturna
786 1787 883 1862 virago

190 1869 316 1945 aurigam
331 1868 429 1926 Turni
444 1869 538 1926 media
553 1869 629 1926 inter
644 1866 704 1924 lora
719 1865 878 1926 Metiscum

191 1949 312 2018 excutit,
326 1963 356 2006 et
370 1947 456 2022 longe
470 1948 581 2023 lapsum
596 1961 712 2004 temone
726 1945 844 2023 reliquit
856 1969 865 2013 t
1017 1975 1055 2013 470

190 2029 250 2106 ipsa
263 2027 350 2098 subit,
364 2027 555 2105 manibusque
570 2025 712 2084 undantes
726 2025 818 2086 llectit
832 2027 966 2096 habenas,

191 2124 295 2167 cuncta
309 2127 418 2182 gerens,
432 2127 591 2185 vocemque
606 2121 636 2164 et
650 2127 752 2184 corpus
766 2122 795 2168 et
810 2127 886 2165 arma
902 2107 1032 2168 Metisci.

191 2189 270 2264 nigra
283 2189 364 2246 velut
378 2207 494 2280 magnas
506 2187 618 2246 domini
634 2207 701 2245 cum
716 2187 813 2250 divitis
827 2188 912 2248 aedes

191 2268 318 2348 pervolat
332 2285 361 2328 et
374 2267 471 2346 pinnis
485 2268 543 2328 alta
555 2267 629 2328 atria
643 2267 745 2326 lustrat
759 2267 892 2339 hirundo,

190 2349 296 2428 pabula
308 2370 392 2427 parva
407 2349 504 2424 legens
519 2349 652 2441 nidisque
667 2347 834 2426 loquacibus
849 2369 945 2418 escas,

191 2446 221 2489 et
235 2449 313 2489 nune
328 2429 487 2508 porticibus
501 2429 608 2501 vacuis,
623 2449 703 2488 nuuc
718 2428 855 2488 umida
830 2449 940 2486 circum

191 2527 289 2586 stagna
303 2527 405 2570 sonat:
427 2510 528 2569 similis
541 2509 652 2570 medios
667 2511 788 2568 Iuturna
801 2530 853 2604 per
867 2511 959 2568 hostes

191 2593 282 2651 fertur
296 2591 377 2686 equis
391 2591 548 2670 rapidoque
561 2591 661 2650 volans
674 2590 735 2649 obit
750 2590 846 2650 omnia
860 2609 945 2648 curru
958 2612 968 2656 ι

191 2673 304 2751 iamque
319 2671 367 2732 hic
379 2692 547 2748 germanum
558 2672 674 2765 iamque
688 2671 736 2732 hic
747 2686 871 2730 ostentat
885 2685 1040 2728 ovantem·
1032 2715 1041 2740 ,

191 2773 246 2812 nee
260 2754 389 2813 conferre
404 2773 523 2816 manum
538 2753 670 2830 patitur,
689 2753 767 2812 volat
779 2751 840 2811 avia
856 2750 949 2825 longe.
1017 2769 1055 2818 480

191 2834 269 2892 haud
282 2834 377 2894 minus
391 2835 504 2894 Aeneas
519 2848 607 2893 tortos
623 2833 693 2910 legit
707 2833 808 2892 obvius
820 2832 912 2903 orbes,

191 2913 366 2993 vestigatque
376 2915 470 2974 virum
485 2930 514 2974 et
528 2915 645 2974 disiecta
659 2935 712 2992 per
724 2915 838 3008 agmina
850 2932 953 2988 magna

192 3014 261 3053 voce
275 3011 368 3055 vocat.
408 2995 543 3074 quotiens
557 2997 655 3054 oeulos
670 2995 796 3054 coniecit
810 2995 841 3053 in
856 2995 976 3066 hostem,

191 3075 396 3153 alipedumque
410 3078 507 3152 fugam
521 3096 605 3134 curm
620 3076 772 3154 temptavit
782 3095 934 3154 equorum,

192 3175 299 3214 aversos
314 3156 420 3214 totiens
435 3175 533 3216 currus
548 3158 669 3216 Iuturna
683 3155 805 3216 retorsit.

191 3238 259 3309 heu,
274 3236 346 3314 quid
361 3241 446 3311 agat?
485 3237 564 3296 vario
578 3237 754 3315 nequiquam
767 3236 891 3296 fluctuat
904 3252 994 3306 aestu,

192 3317 375 3397 diversaeque
387 3332 491 3376 vocant
501 3317 630 3376 animum
645 3317 676 3376 in
690 3317 830 3376 cornaria
845 3337 938 3376 curae.

379 3421 426 3473 455
445 3413 531 3460 volam.
604 3411 650 3474 4⁶5
668 3427 711 3460 nec
722 3427 786 3476 equo.
