2558 4112
403 345 571 397 AENEIDOS
588 345 651 396 LIB.
668 347 681 395 1

133 500 183 560 qur
175 476 320 556 dapibus
334 496 444 534 mensas
458 491 581 535 onerent
595 493 624 536 et
638 477 742 554 pocula
755 494 874 555 ponant.

133 580 187 620 nec
204 579 264 617 non
279 573 309 616 et
324 555 412 650 Tyrii
424 577 475 635 per
489 556 590 616 limina
604 558 677 617 laeta
691 559 855 652 frequentes

134 658 305 733 convenere,
322 637 389 696 toris
404 635 470 696 iussi
463 637 665 698 discumbere
680 639 774 716 pictis.

134 721 275 780 mirantur
289 719 365 777 dona
378 721 504 790 Aeneae,
520 718 660 778 mirantur
674 720 773 780 Iulum

133 801 340 880 flagrantesque
355 798 401 858 dei
416 799 513 859 vultus
528 799 715 880 simulataque
730 801 816 860 verba
969 831 1007 871 μυ

133 881 296 974 pallamque
311 897 341 940 et
354 880 467 958 pictum
482 900 585 940 croceo
599 882 731 941 velamen
745 873 877 942 acantho.

133 961 288 1055 praecipue
303 961 415 1032 infelix,
430 961 503 1039 pesti
519 961 621 1022 devota
635 963 757 1034 futurae,

133 1041 244 1121 expleri
259 1057 389 1102 mentem
404 1042 506 1135 nequit
521 1043 698 1122 ardescitque
713 1043 822 1103 tuendo

134 1123 298 1195 Phoenissa,
313 1140 342 1182 et
355 1123 460 1202 pariter
475 1143 565 1201 puero
580 1123 718 1203 donisque
733 1140 874 1196 movetur,

133 1205 183 1264 ille
200 1203 249 1263 ubi
263 1205 417 1282 complexu
433 1206 550 1264 Aeneae
567 1205 699 1283 colloque
714 1204 852 1282 pependit

133 1301 163 1346 et
177 1305 314 1362 magnum
329 1285 391 1344 falsi
407 1285 530 1363 inplevit
545 1284 680 1362 genitoris
695 1305 831 1356 amorem,

133 1367 260 1442 reginam
275 1365 358 1444 petit.
399 1367 470 1426 haec
486 1367 590 1438 oculis,
603 1368 674 1426 haec
689 1381 804 1444 pectore
820 1382 881 1425 toto
940 1417 942 1423 .

132 1449 231 1507 haeret
246 1464 274 1507 et
288 1447 435 1507 interdum
449 1448 558 1524 gremio
574 1448 662 1519 fovet,
677 1445 766 1506 inscia
780 1447 867 1517 Dido,

133 1527 238 1588 insidat
252 1544 374 1608 quantus
388 1529 506 1588 miserae
522 1529 602 1589 deus.
643 1544 671 1588 at
686 1549 797 1588 memor
811 1529 861 1588 ille

134 1609 231 1668 matris
244 1609 393 1669 Acidaliae
408 1610 547 1688 paulatim
562 1609 675 1670 abolere
692 1611 854 1687 Sychaeum
968 1639 1007 1677 720

135 1688 247 1768 incipit,
263 1706 292 1751 et
306 1691 371 1749 vivo
387 1707 509 1770 temptat
524 1707 703 1769 praevertere
718 1711 813 1750 amore

136 1771 190 1831 iam
205 1772 318 1849 pridem
334 1771 437 1832 resides
454 1772 562 1830 animos
577 1772 749 1851 desuetaque
764 1771 860 1831 corda.

174 1869 324 1931 postquam
338 1853 430 1932 prima
445 1853 526 1932 quies
541 1852 643 1945 epulis,
658 1865 829 1930 mensaeque
843 1867 977 1920 remotae,

136 1950 254 1992 crateras
269 1954 386 2010 magnos
401 1949 530 1993 statuunt
546 1949 575 1992 et
590 1933 656 1992 vina
670 1949 819 1992 coronant.

135 2013 157 2073 it
170 2014 305 2092 strepitus
319 2014 402 2074 tectis
417 2034 576 2094 vocemque
590 2034 641 2094 per
655 2014 749 2092 ampla
763 2013 895 2074 volutant

136 2095 225 2166 atria3
238 2095 412 2189 ‘dependent
427 2095 527 2173 lychni
543 2095 721 2174 laquearibus
736 2093 825 2154 aureis

136 2176 255 2246 incensi,
271 2193 300 2236 et
314 2193 431 2236 noctem
447 2175 569 2236 flammis
586 2175 693 2236 funalia
707 2175 839 2234 vincunt.

135 2257 180 2316 hic
195 2258 293 2333 regina
307 2277 421 2333 gravem
436 2257 556 2334 gemmis
571 2277 695 2336 auroque
709 2255 839 2335 poposcit

135 2337 312 2433 inplevitque
327 2360 406 2398 mero
420 2356 559 2417 pateram,
573 2357 658 2430 quam
673 2337 759 2396 Belus
773 2353 803 2396 et
817 2356 916 2395 omnes

135 2439 151 2477 a
164 2420 237 2479 Belo
248 2419 346 2491 soliti3
367 2436 430 2479 turn
446 2419 520 2479 facta
534 2418 647 2479 silentia
661 2418 782 2477 tectis:
968 2443 1006 2483 7³⁰

116 2501 273 2580 ‘Iuppiter,
287 2500 445 2578 hospitibus
462 2520 529 2560 nam
545 2516 574 2560 te
589 2499 677 2559 dare
669 2520 730 2558 rura
744 2499 911 2577 loquuntur,

134 2581 212 2640 hunc
229 2582 337 2640 laetum
352 2580 506 2660 Tyriisque
522 2581 601 2640 diem
616 2581 764 2659 Troiaque
778 2577 917 2657 profectis

134 2681 193 2721 esse
208 2661 290 2733 velis,
305 2677 471 2754 nostrosque
487 2662 572 2722 huius
589 2661 752 2721 meminisse
766 2658 900 2718 minores.

134 2742 205 2801 adsit
221 2741 346 2801 laetitiae
361 2742 492 2802 Bacchus
507 2743 587 2801 dator
602 2758 631 2801 et
646 2741 720 2800 bona
735 2743 831 2810 luno;

133 2839 162 2882 et
178 2843 228 2882 vos
242 2844 260 2881 o
274 2840 399 2894 coetum,
415 2823 509 2902 Tyrii,
526 2822 667 2882 celebrate
681 2820 826 2880 faventes?

132 2904 217 2976 dixit,
234 2903 310 2962 etin
324 2923 451 2963 mensam
467 2903 586 2963 laticum
602 2901 702 2962 libavit
715 2903 864 2970 honorem,

131 2985 284 3064 primaque
299 2985 388 3044 libato
402 3004 514 3044 summo
529 3000 612 3044 tenus
626 2982 720 3076 attigit
734 3003 805 3052 ore;

132 3081 197 3125 tum
213 3066 307 3124 Bitiae
322 3065 424 3124 dedit
416 3065 613 3143 increpitans,
634 3063 706 3122 ille
699 3062 810 3141 inpiger
823 3061 918 3122 hausit

132 3163 318 3225 spumantem
333 3162 460 3223 pateram
475 3162 504 3205 et
517 3146 606 3223 pleno
620 3165 649 3203 se
664 3143 771 3223 proluit
785 3164 874 3203 auro
867 3189 875 3214 ,

131 3245 195 3306 post
211 3227 262 3287 alii
276 3247 416 3306 proceres.
458 3225 566 3285 cithara
580 3224 701 3285 crinitus
716 3225 798 3304 lopas
968 3250 1006 3290 7⁴⁰

130 3325 270 3422 personat
284 3325 389 3381 aurata,
405 3307 504 3367 docuit
519 3327 606 3386 quem
621 3306 762 3366 maximus
776 3305 866 3367 Atlas.

399 3416 447 3464 7¹9
464 3400 572 3450 insideat.
607 3412 654 3463 725
673 3399 709 3448 fit.

553 3483 565 3526 1
