2568 4114
239 349 268 399 P.
284 348 427 398 VERGILI
444 347 600 398 MARONIS
618 349 783 398 AENElDOS
800 351 862 400 LlB.
879 349 917 400 VI
986 361 1032 412 τος

172 479 319 557 Pasiphae,
335 478 518 556 mixtumque
531 499 620 555 genus
635 479 785 559 prolesque
800 479 927 538 biformis

170 561 356 620 Minotaurus
371 560 455 632 inest,
470 560 592 618 Veneris
608 561 787 619 monimenta
802 560 965 633 nefandae3

169 641 219 700 hic
234 641 314 699 labor
329 641 379 699 ille
394 641 494 698 domus
510 655 538 698 et
553 641 760 700 inextricabilis
776 661 852 699 error
866 665 875 714 ;

170 741 307 798 magnum
322 721 435 796 reginae
450 721 500 779 sed
515 721 593 780 enim
608 721 755 780 miseratus
770 741 896 780 amorem

170 802 317 863 Daedalus
330 802 392 879 ipse
405 802 485 860 dolos
500 802 570 860 tecti
586 803 772 881 ambagesque
785 801 912 874 resolvit,

171 903 258 942 caeca
271 903 372 959 regens
387 882 436 942 filo
449 883 578 959 vestigia.
621 899 653 940 tu
668 900 783 962 quoque
798 901 930 959 magnam
1008 913 1035 953 30

170 979 282 1043 partem
296 983 383 1042 opere
397 962 428 1022 in
444 977 534 1035 tanto,
549 963 656 1022 sineret
670 963 761 1034 dolor,
777 964 867 1037 Icare,
881 963 1009 1022 haberes.

171 1045 215 1104 bis
230 1060 349 1104 conatus
365 1059 424 1103 erat
438 1064 517 1102 casus
534 1044 667 1120 effingere
682 1044 713 1102 in
729 1065 797 1102 auro
810 1069 819 1114 3

171 1126 215 1185 bis
228 1125 340 1203 patriae
354 1123 486 1185 cecidere
500 1144 611 1184 manus.
653 1125 725 1202 quin
739 1124 870 1202 protinus
885 1123 983 1182 omnia

172 1206 354 1284 perlegerent
368 1205 469 1277 oculis,
484 1205 515 1263 ni
531 1205 587 1263 iam
601 1205 769 1284 praemissus
782 1206 908 1264 Achates

172 1287 293 1358 adforet,
308 1302 393 1364 atque
408 1304 465 1344 una
480 1285 590 1344 Phoebi
606 1285 781 1365 Triviaeque
795 1285 931 1357 sacerdos,

173 1367 328 1444 Deiphobe
343 1365 459 1437 Glauci,
475 1366 552 1424 fatur
566 1386 640 1444 quae
655 1366 723 1424 talia
735 1365 793 1442 regi
808 1388 816 1425 ε

155 1453 234 1506 ‘non
249 1448 304 1506 hoc
318 1446 371 1505 ista
386 1446 439 1505 sibi
455 1461 569 1524 tempus
584 1447 747 1524 spectacula
760 1447 874 1525 poscit;

174 1548 254 1586 nunc
269 1547 353 1604 grege
367 1526 403 1586 de
418 1526 530 1585 intacto
544 1542 655 1606 septem
670 1542 794 1586 mactare
809 1527 947 1586 iuvencos

174 1608 356 1686 praestiterit,
372 1606 493 1666 totidem
508 1605 597 1666 lectas
612 1609 648 1666 de
663 1627 741 1666 more
755 1607 906 1667 bidentes.’

174 1689 280 1749 talibus
293 1687 387 1748 adfata
399 1690 617 1747 Aenean—nec
633 1709 710 1747 sacra
723 1704 871 1747 morantur
1012 1717 1039 1757 40

176 1770 248 1828 iussa
261 1768 488 1827 viri—Teucros
503 1783 587 1828 vocat
601 1769 659 1826 alta
672 1769 703 1826 in
719 1768 827 1846 templa
841 1768 980 1828 sacerdos.

217 1848 345 1909 excisum
360 1848 507 1907 Euboicae
522 1849 597 1907 latus
611 1848 711 1923 ingens
725 1849 803 1927 rupis
817 1848 848 1906 in
864 1863 988 1921 antrum,

176 1951 235 2010 quo
248 1930 299 1988 lati
313 1930 427 1989 ducunt
441 1928 532 1988 aditus
547 1942 677 2001 centum,
691 1928 763 1987 ostia
777 1943 919 1999 centum

177 2011 254 2070 unde
269 2025 358 2070 ruunt
372 2009 492 2069 totidem
507 2029 602 2080 voces,
616 2030 748 2087 responsa
763 2009 898 2086 Sibyllae.

176 2106 296 2150 ventum
312 2104 372 2151 erat
385 2090 421 2149 ad
435 2089 536 2161 limen,
551 2109 620 2149 curn
633 2089 720 2166 virgo,
737 2095 870 2169 ‘poscere
885 2089 942 2148 fata

176 2171 310 2251 tempus‚'
324 2171 386 2244 ait3
407 2168 505 2243 ‘deus,
519 2190 599 2241 ecce,
613 2171 684 2229 deus
697 2171 725 2229 l'
747 2171 795 2228 cui
810 2170 878 2230 talia
891 2171 965 2228 fanti

177 2267 243 2312 ante
257 2252 333 2312 fores
347 2250 442 2311 subito
455 2272 515 2312 non
531 2251 637 2324 vultus,
653 2270 712 2309 non
728 2251 807 2308 color
821 2270 904 2322 unus,

177 2354 237 2392 non
252 2347 386 2411 comptae
400 2352 528 2391 mansere
544 2351 663 2402 comae3
684 2331 733 2390 sed
747 2345 847 2408 pectus
861 2330 1008 2402 anhelum,

178 2429 208 2472 et
221 2413 300 2472 rabie
315 2413 375 2472 fera
389 2412 473 2472 corda
487 2427 604 2471 tument
616 2436 626 2482 3
646 2410 794 2490 maiorque
808 2409 898 2468 videri

178 2513 233 2553 nec
247 2492 370 2552 mortale
383 2512 497 2562 sonans,
512 2491 616 2552 adflata
632 2507 674 2550 est
690 2491 809 2550 nurnine
825 2490 940 2570 quando
1015 2517 1042 2558 50

178 2575 236 2632 iam
249 2573 383 2668 propiore
397 2573 454 2632 dei.
473 2579 476 2586 ⁴
496 2577 606 2632 ‘cessas
621 2570 652 2630 in
668 2587 734 2631 vota
747 2589 913 2652 precesque,

180 2652 274 2728 Tros,'
284 2669 334 2727 art,
346 2653 472 2726 ‘Aenea,
485 2673 574 2712 cessas
586 2657 596 2712 i
616 2673 711 2733 neque
723 2653 801 2710 enim
812 2665 879 2710 ante
890 2649 1042 2710 dehiscent

179 2735 319 2794 attonitae
333 2753 436 2810 magna
450 2755 498 2792 ora
512 2731 632 2794 domus?
676 2749 705 2792 et
720 2732 788 2792 talia
803 2732 860 2790 fata

180 2815 333 2874 conticuit.
372 2813 483 2890 gelidus
498 2811 621 2873 Teucris
636 2835 687 2892 per
702 2814 773 2872 dura
786 2813 913 2872 cucurrit

179 2917 239 2954 ossa
254 2911 369 2967 tremor,
384 2895 539 2974 funditque
553 2915 653 2974 preces
668 2914 719 2954 rex
732 2910 850 2972 pectore
865 2893 900 2952 ab
913 2892 991 2952 imo:

160 2976 308 3047 ‘Phoebe,
321 2994 417 3050 graves
433 2975 540 3034 Troiae
555 2994 667 3053 semper
683 2974 813 3033 miserate
828 2974 947 3046 labores,

179 3054 317 3114 Dardana
331 3055 381 3134 qui
398 3054 506 3114 Paridis
521 3055 633 3114 derexti
649 3056 707 3115 tela
720 3074 880 3134 manusque

180 3155 283 3214 corpus
297 3136 329 3194 in
343 3135 497 3207 Aeacidae,
511 3156 625 3211 magnas
640 3135 780 3194 obeuntia
795 3151 880 3194 terras

181 3230 223 3276 tot
236 3215 326 3274 maria
339 3214 443 3275 intravi
458 3217 531 3274 duce
547 3231 575 3275 te
588 3215 764 3294 penitusque
778 3232 902 3295 repostas

182 3295 342 3373 Massylum
356 3311 466 3372 gentes,
479 3310 685 3375 praetentaque
701 3295 831 3374 Syrtibus
847 3317 921 3369 arva,
1016 3313 1045 3354 eo

398 3401 428 3453 37
446 3396 550 3452 poscunt.
585 3399 615 3452 57
633 3387 714 3437 direxti
726 3388 784 3440 codd.
