2568 4114
437 434 606 508 resupinos
622 433 686 483 LIB.
703 433 767 482 VIII

191 567 241 625 ille
256 565 332 625 inter
346 566 465 624 caedem
480 565 655 622 Rutulorum
670 565 781 641 elapsus
796 564 827 622 in
842 583 920 640 agros

191 647 356 724 confugere,
372 662 401 706 et
416 646 513 705 Turni
528 645 679 704 defendier
690 644 811 723 hospitis
826 644 920 704 armis.

192 748 258 804 ergo
273 728 367 785 omnis
382 727 463 785 furiis
478 727 601 785 surrexit
616 726 731 784 Etruria
745 725 847 794 iustis3

190 829 286 884 regem
300 809 337 866 ad
350 807 525 886 supplicium
539 807 681 885 praesenti
698 807 796 866 Marte
810 821 974 884 reposcunt.

189 888 234 948 his
250 909 303 966 ego
315 897 356 961 fe,
370 890 479 962 Aenea,
494 888 645 948 ductorem
660 887 777 946 milibus
793 887 906 946 addam.

191 985 252 1029 toto
267 990 392 1048 namque
407 970 537 1028 fremunt
552 969 714 1028 condensae
730 969 815 1027 litore
829 987 949 1045 puppes,

190 1051 327 1129 signaque
343 1052 417 1110 ferre
432 1051 535 1110 iubent
547 1074 557 1118 ;
578 1050 684 1108 retinet
698 1050 853 1125 longaevus
867 1049 1010 1126 haruspex

190 1132 248 1190 fata
264 1151 391 1190 canens:
414 1137 459 1189 “o
475 1131 630 1190 Maeoniae
644 1130 757 1189 delecta
772 1129 917 1200 iuventus,

190 1211 241 1270 flos
251 1229 384 1272 veterum
394 1213 542 1290 virtusque
550 1211 654 1283 virum,
664 1231 734 1289 quos
746 1211 837 1270 iustus
849 1210 880 1270 in
892 1214 1004 1270 hostem
1019 1240 1057 1278 500

190 1293 247 1351 fert
260 1293 343 1351 dolor
357 1309 385 1352 et
400 1293 503 1352 merita
518 1293 653 1350 accendit
669 1292 835 1352 Mezentius
849 1293 901 1364 ira,

190 1373 265 1432 nulli
280 1375 323 1432 fas
337 1375 413 1433 Italo
427 1389 536 1433 tantam
551 1373 726 1449 subiungere
741 1388 879 1448 gentem:

190 1470 325 1514 externos
339 1469 437 1532 optate
452 1453 570 1513 duces.''
613 1467 676 1512 tum
690 1454 811 1513 Etrusca
825 1454 931 1513 resedit

190 1537 245 1594 hoc
260 1535 335 1594 acies
350 1555 462 1614 camp0,
478 1535 596 1593 monitis
612 1534 747 1593 exterrita
762 1533 873 1594 divom.

190 1616 251 1694 ipse
265 1632 390 1674 oratores
405 1617 441 1674 ad
456 1635 503 1674 me
517 1615 656 1694 regnique
671 1634 808 1674 coronam

192 1717 259 1755 cum
274 1713 385 1774 sceptro
398 1697 478 1755 misit
491 1697 668 1776 mandatque
683 1695 808 1772 insignia
823 1697 974 1769 Tarchon,

186 1778 344 1836 'succedam
359 1777 455 1836 castris
470 1777 684 1855 Tyrrhenaque
699 1797 788 1852 regna
802 1797 956 1854 capessam.
1012 1796 1015 1802 ’

191 1859 241 1916 sed
255 1858 327 1915 mihi
344 1859 422 1917 tarda
437 1859 503 1935 gelu
519 1857 677 1935 saeclisque
692 1858 779 1915 effeta
793 1873 925 1915 senectus

191 1939 301 1997 invidet
315 1939 470 2016 imperium
484 1957 619 2015 seraeque
634 1937 671 1994 ad
685 1937 768 1995 fortia
782 1936 864 1996 vires.

191 2035 293 2077 natum
308 2022 481 2089 exhortarer,
498 2017 528 2076 ni
544 2017 651 2076 mixtus
666 2031 757 2075 matre
773 2017 887 2076 Sabella
1020 2048 1058 2086 510

190 2100 260 2158 hinc
275 2115 388 2177 partem
402 2098 512 2176 patriae
528 2099 662 2158 traheret.
704 2113 747 2169 tu,
762 2098 844 2157 cuius
861 2114 890 2157 et
905 2099 989 2157 annis

191 2198 220 2240 et
235 2179 332 2256 generi
348 2179 405 2236 fata
420 2178 585 2254 indulgent,
599 2198 687 2257 quem
702 2178 823 2238 numina
837 2197 971 2256 poscunt,

191 2260 353 2337 ingredere,
363 2279 382 2317 o
393 2259 545 2317 Teucrum
557 2275 643 2337 atque
655 2259 763 2317 Italum
774 2259 927 2319 fortissime
942 2261 1056 2320 ductor.

190 2343 271 2400 hunc
287 2340 340 2398 tibi
355 2355 511 2417 praeterea,
528 2351 590 2416 spes
604 2354 633 2398 et
647 2339 753 2398 solacia
768 2341 868 2412 nostri,

193 2421 324 2480 Pallanta
340 2419 495 2496 adiungam
508 2446 518 2492 3
539 2419 593 2478 sub
607 2434 635 2480 te
650 2419 773 2479 tolerare
787 2421 921 2496 magistro

192 2501 327 2561 militiam
343 2517 372 2560 et
386 2521 470 2578 grave
487 2501 591 2560 Martis
606 2521 686 2579 opus,
702 2515 751 2559 tua
766 2520 884 2560 cernere
899 2502 975 2562 facta

193 2583 350 2654 adsuescat,
363 2582 464 2661 primis
478 2597 508 2641 et
523 2598 552 2641 te
566 2581 689 2641 miretur
702 2582 738 2641 ab
753 2581 845 2642 annis.

191 2665 317 2723 Arcadas
331 2663 400 2722 huic
416 2663 526 2741 equites
541 2662 584 2722 bis
599 2677 729 2735 centum,
743 2663 845 2722 robora
857 2662 941 2740 pubis

193 2745 278 2817 lecta,
293 2744 378 2817 dabo,
394 2743 574 2824 totidemque
589 2764 641 2803 suo
655 2743 708 2802 tibi
723 2763 845 2802 munere
861 2744 970 2804 Pallas?

234 2825 282 2884 via
297 2845 330 2884 ea
345 2825 419 2886 fatus
434 2840 505 2898 erat,
521 2824 666 2904 defixique
681 2844 729 2884 ora
743 2825 883 2884 tenebant
1018 2854 1057 2892 φο

192 2907 305 2964 Aeneas
318 2906 507 2966 Anchisiades
522 2921 551 2964 et
565 2905 638 2964 fidus
652 2907 786 2978 Achates,

193 2988 343 3065 multaque
357 2987 429 3046 dura
443 3007 495 3046 suo
509 2986 583 3046 tristi
600 3007 668 3046 cum
683 2987 769 3047 corde
783 2985 933 3066 putabant,

193 3067 224 3125 ni
239 3068 353 3161 signum
368 3069 450 3128 caelo
465 3068 612 3146 Cytherea
627 3068 751 3127 dedisset
766 3083 873 3145 aperto.

193 3167 317 3226 namque
330 3148 477 3243 inproviso
489 3149 616 3208 vibratus
631 3151 666 3207 ab
681 3149 796 3208 aethere
811 3148 905 3226 fulgor

193 3248 261 3286 cum
276 3227 372 3287 sonitu
386 3229 476 3301 venit,
493 3245 522 3288 et
537 3249 618 3289 ruere
633 3229 730 3289 omnia
743 3228 804 3287 visa
818 3245 948 3308 repente,

194 3309 424 3402 Tyrrhenusque
439 3311 526 3369 tubae
540 3309 651 3404 mugire
665 3330 717 3387 per
731 3311 846 3370 aethera
861 3309 987 3386 clangor.

193 3387 372 3466 suspiciunt3
389 3388 1054 3469 iterumatqueiterurnfragorincrepatingens.

410 3500 459 3549 492
477 3489 563 3536 medes.
629 3499 675 3552 519
692 3487 796 3540 nomiae.
