2558 4112
232 375 264 423 90
506 361 533 408 P.
551 359 693 408 VERGILI
712 360 868 408 MARONIS

272 491 411 561 volveret,
426 489 591 566 Eurydicen
606 511 662 548 vox
677 487 736 567 ipsa
752 505 781 548 et
795 488 897 566 frigida
912 490 1010 566 lingua

272 572 433 630 amiseram
448 571 613 648 Eurydicen
628 570 634 630 l
658 570 754 629 anima
769 569 900 646 fugiente
915 573 1055 644 vocabat3

272 651 436 729 Eurydicen
452 666 514 710 toto
528 651 694 710 referebant
708 651 830 710 flumine
843 650 942 730 ripae!

272 734 343 791 haec
360 733 488 805 Proteus,
505 748 533 791 et
548 752 577 790 se
592 732 670 791 iactu
686 732 768 790 dedit
782 753 888 810 aequor
902 733 934 790 in
950 734 1051 806 altum,
1104 770 1107 776 ·

272 834 386 893 quaque
401 813 491 884 dedit,
507 828 691 891 spumantem
706 813 815 872 undam
830 815 882 872 sub
896 813 1006 873 vertice
1021 815 1112 874 torsit.

313 910 411 953 atnon
427 895 563 970 Cyrene;
585 915 711 972 namque
726 894 803 952 ultro
817 894 913 952 adfata
929 895 1102 955 timentem:

252 981 347 1048 ‘nate,
363 975 434 1034 licet
449 974 541 1034 tristes
557 975 654 1033 animo
668 975 816 1052 deponere
832 995 922 1035 curas.
1100 1005 1136 1044 ⁵31

271 1057 343 1114 haec
358 1055 451 1114 omnis
466 1054 560 1114 morbi
576 1077 670 1128 causa,
685 1055 754 1114 hinc
769 1055 931 1115 miserabile
946 1056 1113 1135 Nymphae,

272 1157 339 1195 cum
354 1136 459 1214 quibus
473 1137 524 1195 illa
538 1138 639 1195 choros
655 1135 728 1195 lucis
743 1135 869 1212 agitabat
883 1136 914 1194 in
930 1137 1004 1210 altis,

272 1217 395 1276 exitium
409 1217 512 1276 misere
526 1217 636 1295 apibus
679 1233 710 1275 tu
725 1237 846 1276 munera
861 1217 984 1295 supplex

273 1298 359 1356 tende
373 1312 477 1375 petens
490 1319 592 1376 pacem
607 1314 637 1356 et
651 1297 751 1356 faciles
765 1318 903 1357 venerare
919 1299 1073 1391 Napaeas3

272 1397 360 1456 namq
362 1399 398 1437 ue
412 1377 522 1438 dabunt
535 1379 651 1438 veniam
665 1379 739 1437 votis
754 1378 866 1457 irasque
880 1378 1039 1438 remittent.

272 1459 322 1517 sed
336 1459 438 1517 modus
452 1459 553 1518 orandi
568 1459 618 1537 qui
633 1459 678 1532 sit,
694 1459 771 1553 prius
786 1459 887 1518 ordine
902 1459 1007 1519 dicam.

273 1555 408 1618 quattuor
423 1539 543 1598 eximios
557 1540 713 1618 praestanti
729 1561 851 1618 corpore
866 1555 969 1610 tauros,

272 1620 323 1697 qui
339 1620 390 1678 tibi
406 1640 486 1679 nunc
499 1620 597 1679 viridis
612 1621 772 1699 depascunt
787 1641 898 1680 summa
912 1620 1031 1698 Lycaei,

272 1701 376 1776 delige,
393 1716 422 1760 et
437 1701 545 1760 intacta
561 1701 683 1760 totidem
698 1701 809 1760 cervice
824 1701 971 1760 iuvencas.
1101 1729 1140 1768 ⁵40

272 1797 408 1860 quattuor
421 1781 466 1840 his
479 1803 537 1840 aras
553 1782 610 1841 alta
626 1783 660 1840 ad
675 1782 793 1841 delubra
808 1783 926 1840 dearum

272 1862 426 1934 constitue,
441 1879 471 1921 et
485 1884 596 1922 sacrum
611 1863 714 1940 iugulis
729 1863 850 1922 demitte
864 1882 1005 1935 cruorem,

273 1963 447 2021 corporaque
462 1944 523 2021 ipsa
538 1944 626 2003 boum
641 1944 776 2003 frondoso
791 1944 888 2002 desere
902 1943 980 2002 luco.

271 2040 346 2101 post,
361 2023 410 2082 uhi
425 2044 502 2082 nona
516 2045 581 2084 suos
595 2025 707 2084 Aurora
722 2023 881 2084 ostenderit
894 2039 980 2095 ortus,

272 2105 387 2162 inferias
402 2105 515 2182 Orphei
531 2105 659 2164 Lethaea
672 2127 815 2184 papavera
829 2105 926 2165 mittes

272 2200 300 2244 et
316 2185 424 2260 nigram
439 2186 578 2245 mactabis
592 2207 677 2245 ovem
692 2187 851 2264 lucumque
865 2186 969 2245 revises
982 2210 993 2254 ;

271 2266 414 2344 placatam
428 2267 594 2344 Eurydicen
608 2267 700 2326 vitula
713 2267 888 2326 venerabere
903 2265 1003 2326 caesa.’

271 2348 350 2406 haud
364 2367 443 2405 mora
455 2373 465 2418 3
486 2347 628 2407 continuo
642 2347 739 2406 matris
753 2363 906 2426 praecepta
921 2347 1056 2419 facessit3

271 2429 306 2486 ad
321 2429 440 2488 delubra
452 2429 544 2501 venit,
558 2445 728 2488 monstratas
744 2429 850 2487 excitat
865 2449 934 2502 aras,

272 2524 405 2586 quattuor
421 2509 540 2568 eximios
555 2509 712 2588 praestanti
727 2530 847 2603 corpore
862 2525 957 2568 tauros
1099 2537 1140 2578 520

271 2589 352 2648 ducit
366 2605 396 2649 et
410 2589 520 2649 intacta
535 2590 658 2649 totidem
673 2589 786 2649 cervice
800 2590 947 2650 iuvencas.

271 2685 345 2745 post,
359 2669 409 2729 ubi
424 2691 501 2729 nona
516 2692 578 2730 suos
593 2673 705 2730 Aurora
720 2671 873 2731 induxerat
884 2686 974 2764 ortua,

271 2748 387 2809 inferias
402 2752 515 2829 Orphei
530 2752 620 2812 mittit
635 2753 793 2830 lucumque
807 2751 914 2811 revisit.

270 2829 319 2888 hic
334 2853 401 2890 vero
416 2833 543 2892 subitum
557 2854 590 2893 ec
606 2833 688 2892 dictu
702 2833 834 2892 mirabile
849 2847 1010 2892 monstrum

272 2911 423 2989 aspiciunt,
439 2913 596 2992 liquefacta
612 2913 699 2972 boum
713 2914 887 2992 perviscera
902 2928 964 2972 toto

272 2992 391 3052 stridere
406 3014 474 3071 apes
489 3010 571 3053 utero
586 3010 615 3054 et
629 2995 720 3073 ruptis
737 2995 875 3053 effervere
890 2993 984 3066 costis,

271 3072 473 3152 inmensasque
488 3075 561 3134 trahi
577 3075 700 3147 nubes,
692 3095 808 3153 remque
823 3074 923 3133 arbore
938 3093 1048 3132 summa

271 3151 418 3213 confluere
432 3170 461 3213 et
475 3156 563 3215 lentis
577 3177 662 3215 uvam
677 3156 829 3214 demittere
844 3155 938 3214 ramis.

312 3235 384 3292 haec
399 3255 484 3313 super
497 3257 629 3296 arvorum
644 3237 726 3296 cultu
740 3256 936 3315 pecorumque
951 3233 1091 3294 canebam

273 3350 316 3402 531
336 3355 479 3403 componere.
548 3353 594 3405 540
611 3343 715 3418 intaqtas.
783 3352 830 3405 550
847 3341 932 3388 nimio
950 3347 1096 3404 praestanter.

601 3415 770 3469 551mtaetat.
