2568 4114
412 385 580 436 nnumnos
598 385 661 435 mn.
678 389 704 434 v
984 400 1028 448 199

159 518 306 598 quidquid
321 517 385 590 erit,
401 516 562 595 superanda
576 517 670 576 omnis
685 518 801 577 fortuna
815 518 938 576 ferendo
953 534 1005 578 est.

160 614 203 659 est
218 598 271 658 tibi
287 598 452 658 Dardanius
466 598 583 657 divinae
597 598 692 677 stirpis
706 599 842 658 Acestes:
992 629 1029 668 711

159 681 241 739 hunc
256 699 328 757 cape
343 679 472 738 consiliis
486 679 598 739 socium
613 694 643 738 et
657 679 802 755 coniunge
817 679 986 750 volentem;

159 761 230 820 huic
246 760 338 832 trade,
352 759 461 818 amissis
476 774 614 838 superant
628 760 678 839 qui
694 760 824 832 navibus,
840 774 869 818 et
883 781 954 839 quos

159 857 325 920 pertaesum
340 841 436 918 magni
452 841 563 919 incepti
579 861 733 919 rerumque
748 855 863 899 tuarum
878 856 940 912 eat;

161 924 373 1000 longaevosque
387 942 469 981 senes
485 942 517 981 ae
533 922 619 980 fessas
634 942 759 1001 aequore
774 937 888 993 matres,

161 1019 190 1062 et
204 1002 348 1081 quidquid
364 1018 461 1062 tecum
475 1001 638 1061 invalidum
653 1018 844 1081 metuensque
857 1002 960 1080 pericli
977 1018 1028 1075 est,

159 1084 263 1159 delige,
279 1099 309 1142 et
323 1083 368 1142 his
382 1083 510 1142 habeant
525 1083 607 1142 terris
623 1083 685 1142 sine
699 1083 815 1141 moenia
829 1083 914 1142 fessi:

160 1165 261 1223 urbem
277 1164 468 1242 appellabunt
481 1163 622 1242 permisso
637 1164 754 1222 nomine
768 1164 924 1223 Acestam!

201 1244 307 1304 talibus
321 1244 457 1304 incensus
471 1244 557 1303 dictis
573 1245 693 1304 senioris
707 1244 794 1304 amici

159 1341 224 1386 tum
237 1346 307 1384 vero
320 1325 352 1384 in
367 1346 449 1384 curas
463 1324 563 1384 animo
578 1325 727 1384 diducitur
741 1345 851 1384 omnes.
992 1355 1030 1394 720

160 1421 190 1466 et
204 1427 262 1466 nox
277 1421 338 1466 atra
351 1406 454 1484 polum
468 1406 542 1482 bigis
557 1407 694 1466 subvecta
708 1407 846 1466 tenebat:

159 1487 219 1546 visa
233 1487 341 1546 dehinc
356 1487 438 1546 caelo
453 1487 542 1546 facies
557 1487 674 1565 delapsa
688 1487 814 1566 parentis

158 1565 305 1628 Anchisae
320 1568 416 1627 subito
431 1569 502 1628 tales
517 1569 668 1628 effundere
682 1589 784 1628 voces:

141 1657 239 1720 ‘nate,
253 1649 326 1708 mihi
340 1649 400 1708 vita
414 1650 574 1728 quondam,
589 1649 660 1709 dum
673 1649 733 1708 vita
748 1650 893 1721 manebat,

161 1751 225 1790 care
240 1730 338 1806 magis,
354 1746 432 1801 nate,
447 1730 545 1789 Iliacis
560 1730 687 1790 exercite
702 1730 777 1803 fatis,

159 1810 284 1889 imperio
298 1811 375 1870 Iovis
389 1813 448 1870 huc
463 1810 562 1881 venio,
576 1811 626 1888 qui
641 1810 777 1869 classibus
791 1809 890 1886 ignem

161 1890 284 1969 depulit,
300 1907 329 1950 et
343 1891 425 1950 caelo
439 1890 559 1950 tandem
574 1890 724 1949 miseratus
739 1890 776 1948 ab
790 1891 849 1948 alto
864 1904 916 1950 est.

161 1972 288 2031 consiliis
303 1993 381 2050 pare,
396 1992 470 2049 quae
486 1991 565 2030 nunc
581 1970 776 2048 pulcherrima
796 1971 908 2030 Nautes

161 2054 211 2112 dat
226 2053 339 2112 senior:
360 2054 451 2111 lectos
465 2051 594 2124 iuvenes,
610 2051 763 2110 fortissima
778 2052 874 2124 corda,

161 2134 243 2192 defer
257 2133 290 2191 in
305 2133 439 2192 Italiam:
460 2152 529 2208 gens
544 2132 616 2190 dura
630 2147 717 2211 atque
732 2153 830 2212 aspera
845 2134 927 2192 cultu
993 2163 1032 2202 ⁷³0

160 2213 336 2273 debellanda
351 2212 404 2271 tibi
419 2212 505 2288 Latio
520 2227 572 2272 est.
614 2212 691 2272 Ditis
707 2229 804 2272 tamen
819 2229 887 2272 ante

160 2295 291 2353 infernas
306 2294 412 2352 accede
426 2293 537 2365 domos,
552 2308 582 2352 et
594 2294 711 2352 Averna
724 2315 777 2372 per
790 2294 849 2352 alta

161 2395 329 2451 congressus
343 2389 420 2452 pete,
435 2389 512 2446 nate,
528 2393 617 2433 meos.
659 2394 719 2432 non
734 2395 780 2434 me
795 2374 875 2452 inpia
891 2395 1017 2452 namque

162 2457 287 2515 Tartara
301 2455 422 2526 habent,
435 2455 530 2514 tristes
545 2455 674 2528 umbrae,
688 2455 738 2514 sed
753 2475 874 2514 amoena
888 2455 1004 2532 piorum
1035 2494 1042 2506 ·

163 2536 288 2596 concilia
303 2535 491 2615 Elysiumque
506 2536 581 2595 colo.
624 2538 682 2596 huc
697 2552 774 2596 casta
790 2535 899 2614 Sibylla

163 2617 310 2693 nigrarum
324 2617 417 2675 multo
431 2617 579 2695 pecudum
595 2633 624 2676 te
639 2618 777 2694 sanguine
791 2619 889 2676 ducet.

163 2714 226 2756 tum
237 2717 328 2774 genus
338 2717 426 2757 omne
437 2712 530 2770 tuum,
540 2714 579 2771 et,
589 2719 664 2778 quae
674 2699 782 2757 dentur
793 2697 918 2768 moenia,
929 2697 1031 2756 disces.

162 2779 279 2856 iamque
293 2779 375 2838 vale:
397 2793 513 2857 torquet
527 2779 637 2838 medios
652 2799 710 2838 nox
726 2779 824 2838 umida
838 2798 947 2850 cursus,

164 2875 193 2918 et
207 2879 254 2917 me
269 2879 368 2918 saevus
383 2859 465 2938 equis
483 2859 590 2918 Oriens
605 2859 722 2918 adflavit
736 2859 869 2918 anhelis!

163 2939 293 2998 dixerat:
315 2954 344 2998 et
359 2955 461 2998 tenues
476 2939 550 3016 fugit
565 2961 619 3000 ceu
634 2941 731 2999 fumus
746 2940 777 2997 in
792 2960 883 2998 auras.
994 2969 1033 3008 740

162 3022 285 3092 Aeneas,
302 3024 376 3098 ‘quo
391 3020 498 3079 deinde
512 3020 591 3079 ruis?
611 3041 670 3100 quo
683 3019 804 3098 proripis
816 3021 841 3078 l’
856 3020 962 3099 inquit,

145 3106 251 3179 ‘quern
266 3101 359 3178 fugis?
379 3116 431 3160 aut
444 3101 507 3181 quis
523 3116 552 3160 te
567 3101 670 3160 nostris
685 3101 886 3178 complexibus
901 3101 1013 3160 arcet?’

74 3233 84 3248 ,
163 3183 236 3240 haec
250 3201 413 3240 memorans
427 3182 557 3242 cinerem
572 3197 601 3240 et
615 3181 722 3260 sopitos
733 3181 852 3240 suscitat
866 3181 965 3257 ignes;

164 3263 412 3340 Pergameumque
426 3263 531 3322 Larem
546 3277 679 3322 eternae
693 3262 853 3340 penetralia
868 3263 975 3322 Vestae

163 3343 237 3402 farre
251 3341 300 3419 pio
315 3358 345 3401 et
357 3343 445 3420 plena
459 3343 581 3421 supplex
596 3359 750 3402 veneratur
763 3363 869 3405 acerra.

383 3449 431 3497 720
448 3437 561 3486 animum.
595 3451 644 3499 734
660 3437 772 3486 tristeave.
