2558 4112
425 368 593 418 AENEIDOS
611 370 674 418 LIB.
692 371 731 418 IV

167 513 222 558 stat
237 497 360 575 sonipes,
376 517 409 556 ac
424 497 506 555 frena
521 498 602 556 ferox
617 499 780 577 spumantia
794 499 916 559 mandit.

166 579 288 640 tandem
301 578 482 657 progreditur
496 599 599 655 magna
613 579 738 658 stipante
753 597 875 654 caterva,

168 660 319 721 Sidoniam
333 659 413 738 picto
428 659 613 737 chlamydem
628 660 806 720 circumdata
820 661 931 721 limbo:

167 741 214 801 cui
228 742 362 819 pharetra
376 761 412 800 ex
428 761 505 812 auro,
520 741 615 799 crines
629 743 776 801 nodantur
790 743 821 800 in
837 763 947 814 aurum,

166 843 252 884 aurea
264 842 440 900 purpuream
455 821 601 881 subnectit
616 822 704 881 fibula
718 839 838 883 vestem.

167 924 222 963 nec
238 923 298 962 non
314 919 343 962 et
359 902 476 980 Phrygii
491 903 612 962 comites
628 919 656 962 et
672 904 763 962 laetus
778 905 860 962 Iulus
999 935 1036 972 140

165 985 319 1044 incedunt.
361 984 422 1063 ipse
437 999 505 1042 ante
520 984 590 1042 alios
604 985 817 1079 pulcherrimus
832 1005 933 1044 omnes

165 1065 255 1124 infert
270 1086 298 1123 se
313 1065 424 1124 socium
438 1066 562 1136 Aeneas,
578 1081 664 1143 atque
680 1065 794 1140 agmina
809 1066 913 1141 iungit.

165 1146 258 1226 qualis
273 1145 323 1205 ubi
339 1146 491 1204 hibernam
505 1145 626 1222 Lyciam
642 1145 812 1239 Xanthique
827 1145 937 1204 fluenta

164 1227 279 1299 deserit,
295 1247 328 1286 ac
344 1226 455 1286 Delum
469 1242 629 1286 maternam
644 1226 743 1286 invisit
756 1227 877 1304 Apollo,

166 1308 362 1386 instauratque
378 1309 489 1378 choros,
505 1306 648 1386 mixtique
663 1307 763 1368 altaria
778 1307 889 1367 circum

166 1390 326 1466 Cretesque
342 1389 531 1466 Dryopesque
547 1390 675 1447 fremunt
690 1389 822 1468 pictique
837 1389 991 1466 Agathyrsi
1006 1411 1013 1447 ε

165 1471 227 1547 ipse
241 1470 313 1545 iugis
330 1469 441 1547 Cynthi
456 1469 592 1546 graditur,
608 1470 750 1548 mollique
765 1469 907 1529 fluentem

165 1550 270 1609 fronde
284 1551 391 1628 premit
406 1550 518 1610 crinem
533 1551 653 1626 fingens,
670 1567 756 1630 atque
771 1551 894 1629 inplicat
909 1571 1001 1621 auro;

166 1632 224 1691 tela
238 1647 342 1690 sonant
357 1632 483 1690 umeris:
504 1633 582 1690 haud
597 1632 650 1690 illo
665 1632 779 1708 segnior
792 1633 853 1690 ibat

164 1714 279 1771 Aeneas
292 1738 302 1784 ;
322 1727 437 1772 tantum
453 1714 567 1790 egregio
581 1714 669 1772 decus
689 1713 781 1771 enitet
795 1734 854 1771 ore.
999 1741 1036 1778 ιφ

164 1809 318 1873 postquam
332 1795 403 1852 altos
418 1802 539 1852 ventum
554 1794 585 1850 in
600 1809 715 1851 montes
730 1809 816 1870 atque
831 1792 909 1851 invia
924 1793 1020 1864 lustra,

165 1895 235 1933 ecce
249 1875 337 1948 ferae,
353 1875 411 1933 saxi
426 1875 558 1933 deiectae
573 1874 692 1944 vertice,
709 1893 811 1951 caprae

165 1955 318 2015 decurrere
332 1955 427 2031 iugis;
449 1955 504 2013 alia
517 1955 555 2012 de
569 1969 648 2031 parte
663 1968 795 2030 patentes

165 2037 368 2096 transmittunt
382 2056 467 2094 cursu
482 2055 598 2112 campos
613 2050 699 2112 atque
715 2035 828 2110 agmina
842 2034 919 2094 cervi

162 2117 368 2195 pulverulenta
383 2115 450 2191 fuga
464 2117 628 2191 glomerant
643 2131 815 2192 montesque
830 2116 1011 2195 relinquunt.

164 2213 192 2256 at
206 2218 280 2276 puer
294 2196 433 2254 Ascanius
448 2195 596 2254 mediisin
612 2195 735 2254 vallibus
750 2197 808 2254 acri

163 2279 270 2354 gaudet
286 2298 369 2355 equo,
385 2277 501 2354 iamque
515 2278 566 2334 hos
582 2296 676 2347 cursu,
692 2275 749 2334 iam
764 2278 903 2354 praeterit
917 2278 992 2351 illos,

164 2374 406 2437 spumantemque
421 2357 481 2416 dari
495 2378 600 2434 pecora
615 2357 691 2415 inter
706 2357 810 2416 inertia
825 2359 898 2416 votis

164 2455 245 2518 optat
260 2459 370 2517 aprum,
386 2455 435 2498 aut
449 2438 564 2496 fulvum
580 2437 757 2497 descendere
773 2456 873 2498 monte
885 2440 1012 2498 leonem.

204 2521 315 2580 interea
329 2540 433 2613 magno
447 2519 562 2578 misceri
579 2539 726 2579 murmure
742 2521 856 2580 caelum
997 2538 1035 2578 ιω

165 2601 291 2678 incipit,
312 2600 474 2694 insequitur
489 2601 647 2660 commixta
661 2603 803 2676 grandine
818 2602 942 2661 nimbus.

165 2698 194 2740 et
209 2682 294 2759 Tyrii
309 2682 429 2740 comites
444 2681 550 2760 passim
566 2697 595 2740 et
611 2682 761 2740 Troiana
753 2699 889 2742 tuventus
929 2705 930 2708 ¹

165 2763 384 2841 Dardaniusque
400 2784 490 2841 nepos
505 2763 630 2822 Veneris
644 2764 755 2822 diversa
770 2785 823 2843 per
837 2785 914 2840 agros

165 2859 242 2902 tecta
257 2860 336 2902 metu
351 2844 483 2922 petiere:
504 2859 593 2903 ruunt
608 2844 646 2902 de
660 2845 807 2904 montibus
822 2866 929 2905 amnes.

165 2924 333 3002 speluncam
347 2925 428 2984 Dido
442 2925 502 2984 dux
519 2941 547 2984 et
563 2925 708 2984 Troianus
724 2925 845 2984 eandem

164 3005 335 3064 deveniunt.
377 3007 470 3084 prima
486 3023 515 3065 et
530 3005 635 3064 Tellus
652 3023 680 3064 et
694 3007 827 3085 pronuba
842 3009 918 3066 Iuno

164 3086 270 3144 dant
250 3107 385 3162 signum:
408 3087 535 3145 fulsere'
529 3107 617 3162 ignes,
634 3103 663 3145 et
679 3088 811 3146 conscius
825 3089 936 3148 Aether

165 3167 297 3225 conubiis
298 3187 493 3246 ,summoque
509 3169 658 3226 ulularunt
672 3168 781 3228 vertice
796 3170 963 3248 Nymphae.

164 3247 216 3306 ille
230 3247 291 3307 dies
305 3249 413 3326 primus
429 3249 481 3307 leti
495 3249 662 3327 primusque
678 3250 821 3310 malorum

164 3349 248 3388 causa
262 3328 341 3401 fuit;
362 3350 458 3408 neque
473 3330 551 3388 enim
567 3329 662 3407 specie
678 3329 790 3391 famave
805 3349 945 3403 movetur,
996 3359 1033 3398 170

496 3423 540 3470 168
560 3423 660 3471 conubii.
