2562 4114
402 366 569 414 AENEIDOS
586 367 649 416 LIB.
668 367 719 414 Xll
967 379 1013 432 ³57

151 494 278 554 talibus'
270 515 388 555 incensa
402 510 444 554 est
457 495 597 555 iuvenum
611 477 755 555 sententia
768 496 852 556 dictis

151 575 208 635 iam
218 576 306 651 magis
318 591 404 655 atque
414 576 518 670 magius,
522 577 667 655 serpitque
678 598 729 655 per
740 577 853 654 agmina
864 597 1014 648 murmur;

150 655 205 749 ipsi
198 656 377 716 Laurentes
392 658 494 716 mutati
510 657 622 736 ipsique
638 655 743 716 Latini.
978 689 1015 726 240

151 757 201 815 qur
193 737 292 795 ''sibi
284 757 341 796 ram
356 738 485 816 requiem
499 758 613 816 pugnae
627 739 767 817 rebusque
782 739 904 798 salutem

151 819 311 894 sperabant,
325 839 403 877 nunc
419 839 496 877 arma
510 819 623 890 volunt,
639 820 796 897 foedusque
811 833 987 912 precantur

150 897 303 969 infectum,
318 915 348 957 et
362 899 457 958 Turni
473 915 578 958 sortem
594 900 763 958 miserantur
777 899 917 978 iniquam.

150 977 194 1036 his
209 979 287 1038 aliud
301 979 393 1039 maius
409 981 529 1039 Iuturna
545 981 685 1057 adiungit,
700 995 730 1038 et
744 980 803 1038 alto

150 1058 235 1117 dat
214 1079 327 1134 signum
343 1061 434 1131 caelo,
448 1081 506 1139 quo
522 1081 581 1118 non
595 1061 770 1138 praesentius
786 1061 879 1119 ullum

150 1139 276 1197 turbavit
290 1156 402 1199 mentes
417 1141 503 1200 Italas
519 1157 705 1220 monstroque
720 1141 835 1200 fefellit.

151 1238 278 1298 namque
292 1221 390 1279 volans
404 1222 488 1280 rubra
504 1222 600 1280 fulvus
614 1222 690 1280 Iovis
705 1222 761 1280 ales
776 1222 806 1279 in
821 1223 918 1280 aethra

150 1299 264 1359 litoreas
279 1301 403 1377 agitabat
418 1323 482 1362 aves
499 1302 673 1381 turbamque
687 1317 836 1361 sonantem

151 1381 271 1456 agminis
286 1381 402 1458 aligeri:
424 1382 520 1440 subito
536 1403 603 1442 cum
618 1383 711 1461 lapsus
726 1384 761 1442 ad
776 1383 864 1440 undas

150 1481 277 1538 cycnum
288 1463 482 1521 excellentem
497 1463 618 1541 pedibus
632 1463 706 1541 rapit
720 1463 856 1541 inprobus
872 1461 963 1520 uncis.
979 1489 1017 1528 250

151 1562 280 1600 arrexere
295 1543 405 1602 animos
420 1543 496 1616 Itali,
513 1559 694 1620 cunctaeque
709 1543 841 1602 volucres

150 1637 324 1681 convertunt
338 1623 464 1682 clamore
479 1623 791 1699 fugam-mirabile
765 1643 869 1682 visu-

54 1775 59 1787 ·
150 1704 321 1781 aetheraque
336 1703 533 1762 obscurant
505 1704 611 1783 pinnis,
627 1707 797 1782 hostemque
811 1724 862 1781 per
876 1723 956 1762 auras

150 1784 227 1842 facta
241 1784 319 1842 nube
334 1799 479 1860 premunt,
495 1785 630 1842 donee
604 1805 632 1842 vr
647 1784 739 1843 victus
754 1799 784 1842 et
798 1784 860 1861 ipso

150 1865 277 1942 pondere
291 1864 408 1934 defecit,
423 1863 618 1956 praedamque
633 1883 669 1921 ex
684 1863 828 1938 unguibus
843 1863 898 1921 ales

149 1943 272 2023 proiecit
286 1942 386 2014 fluvio,
401 1943 573 2036 penitusque
589 1943 620 2001 in
635 1942 736 2002 nubila
750 1943 835 2019 fugit.

151 2041 214 2085 tum
229 2043 297 2082 vero
312 2023 461 2100 augurium
477 2023 581 2082 Rutuli
598 2024 723 2082 clamore
739 2023 874 2095 salutant,

150 2105 368 2183 expediuntque
382 2125 502 2174 manus;
525 2105 690 2182 primusque
706 2104 883 2163 Tolumnius
898 2124 995 2181 augur,

130 2189 206 2245 ‘hoc
222 2199 290 2258 erat,
305 2186 370 2256 hoc,
385 2184 477 2255 votis‚’
491 2184 599 2263 inquit,
615 2185 710 2263 ‘quod
726 2205 808 2262 saepe
822 2185 922 2263 petivi.

151 2267 273 2359 accipio,
288 2266 488 2359 adgnoscoque
504 2265 590 2336 deos3
612 2285 668 2338 me,
684 2284 730 2323 me
745 2265 819 2323 duce
834 2265 940 2324 ferrum
980 2283 1017 2323 260

151 2347 296 2425 corripite,
311 2368 329 2405 o
344 2346 450 2417 miseri,
465 2365 536 2426 quos
553 2345 691 2424 inprobus
705 2345 814 2404 advena
828 2345 905 2404 bello

152 2428 270 2500 territat,
281 2427 423 2486 invalidas
439 2443 470 2485 ut
487 2447 561 2497 aves,
577 2441 606 2486 et
622 2426 705 2485 litora
719 2440 811 2486 vestra

151 2509 179 2567 vi
194 2509 323 2586 populat.
365 2523 445 2585 petet
460 2507 509 2566 ille
526 2508 632 2583 fugam,
649 2506 822 2585 penitusque
838 2506 982 2584 profundo

151 2590 216 2648 vela
229 2589 318 2649 dabit.
359 2609 408 2646 vos
424 2587 553 2647 unanimi
570 2589 688 2647 densate
703 2603 839 2658 catervas,

152 2686 181 2728 et
195 2689 292 2746 regem
307 2668 388 2728 vobis
403 2688 499 2747 pugna
513 2669 663 2728 defendite
676 2665 809 2746 raptum!

152 2750 235 2821 dixit,
251 2766 280 2808 et
294 2751 424 2808 adversos
440 2749 532 2809 telum
546 2749 686 2809 contorsit
700 2749 731 2807 in
746 2751 841 2807 hostes

151 2851 341 2909 procurrens;
362 2830 489 2889 sonitum
504 2830 555 2888 dat
570 2829 687 2888 stridula
703 2849 817 2901 cornus,
833 2844 862 2887 et
878 2849 955 2886 auras

153 2925 230 2978 certa
239 2926 324 2970 secat.
359 2911 444 2969 simul
456 2912 522 2982 hoc,
532 2911 617 2968 simul
633 2910 734 2986 ingens
746 2911 863 2982 clamor,
875 2924 904 2967 et
918 2928 1017 2967 omnes

153 2991 258 3050 turbati
274 2991 369 3062 cunei,
386 2990 581 3069 calefactaque
596 2991 681 3049 corda
697 2991 834 3050 tumultu.

152 3073 232 3130 hasta
245 3071 354 3141 volans,
371 3087 404 3130 ut
418 3071 494 3130 forte
508 3090 613 3129 novem
628 3070 821 3149 pulcherrima
838 3071 957 3129 fratrum
981 3098 1018 3138 270

153 3171 271 3230 corpora
286 3151 474 3210 constiterant
488 3165 597 3221 contra,
611 3171 681 3229 quos
697 3149 753 3208 fida
767 3167 875 3209 crearat

91 3241 93 3246 '
153 3253 211 3291 una
224 3247 269 3291 tot
282 3232 406 3290 Arcadio
421 3231 548 3291 coniunx
563 3231 715 3308 Tyrrhena
730 3231 871 3309 Gylippo,

152 3314 256 3372 horum
272 3333 363 3372 unum
377 3313 413 3371 ad
427 3311 564 3383 medium,
580 3311 681 3370 teritur
695 3332 752 3389 qua
766 3312 858 3371 sutilis
873 3312 937 3370 alvo

255 3419 300 3471 245
319 3407 476 3470 praestantius.
543 3407 590 3470 264
607 3407 736 3456 unanimes.
769 3409 868 3456 densete.
