2556 4116
526 387 554 436 P.
571 387 714 435 VERGILI
731 387 891 436 MARONIS

294 538 384 589 arcus,
400 531 429 576 et
444 537 459 575 e
474 531 555 594 pastu
571 515 714 574 decedens
727 515 840 591 agmine
854 537 958 593 magno

293 618 445 659 corvorum
459 596 605 674 increpuit
621 597 716 655 densis
732 597 871 656 exercitus
886 598 948 658 alis.

293 680 350 740 iam
364 679 453 738 varias
467 678 560 755 pelagi
576 678 708 736 volucres
723 693 752 736 et
766 699 838 755 quae
850 678 919 737 Asia
932 677 1042 738 circum

294 760 427 820 dulcibus
441 759 472 816 in
488 758 594 834 stagnis
609 759 750 819 rimantur
763 774 843 836 prata
858 757 980 836 Ca'yfstri,

295 840 424 901 certatim
439 841 530 916 largos
545 839 651 898 umeris
666 839 821 898 infundere
835 861 919 913 rores,

295 943 373 981 nunc
388 937 476 999 caput
491 921 633 980 obiectare
650 921 739 993 fretis,
754 940 833 979 nunc
849 941 963 980 currere
977 921 1008 979 in
1024 921 1113 980 undas

295 1019 324 1062 et
338 1003 430 1061 studio
444 1001 588 1061 incassum
604 1001 698 1059 videas
712 1001 816 1076 gestire
830 1001 955 1061 lavandi.

296 1099 358 1143 tum
373 1082 477 1142 cornix
491 1084 579 1160 plena
594 1082 723 1160 pluviam
737 1098 821 1141 vocat
835 1083 954 1160 inproba
968 1103 1042 1142 voce

295 1180 323 1226 et
337 1163 396 1223 sola
410 1164 441 1222 in
456 1163 531 1223 sicca
547 1183 645 1222 secum
661 1163 795 1240 spatiatur
808 1165 922 1224 harena.

295 1266 332 1304 ne
347 1261 489 1304 nocturna
504 1244 621 1322 quidem
638 1259 787 1322 carpentes
800 1265 888 1322 pensa
901 1245 1014 1323 puellae
1125 1273 1165 1314 390

294 1325 442 1386 nescivere
457 1325 593 1398 hiemem,
610 1341 682 1384 testa
697 1346 766 1384 cum
781 1325 900 1385 ardente
914 1327 1045 1384 viderent

294 1406 451 1466 scintillare
466 1405 564 1463 oleum
580 1421 610 1464 et
625 1421 723 1482 putres
737 1426 921 1465 concrescere
936 1408 1047 1482 fungos.

336 1507 391 1545 nec
406 1486 502 1545 minus
518 1506 554 1544 ex
569 1487 656 1544 imbri
671 1488 744 1545 soles
758 1502 787 1545 et
802 1503 898 1564 aperta
913 1507 1014 1545 serena

294 1567 457 1647 prospicere
472 1583 500 1626 et
515 1566 601 1625 certis
616 1568 721 1644 poteris
737 1587 909 1643 cognoscere
924 1567 1031 1642 signis:

296 1669 363 1708 nam
377 1669 471 1726 neque
486 1663 549 1706 tum
565 1649 655 1706 stellis
671 1648 744 1707 acies
758 1648 879 1706 obtunsa
893 1647 1016 1720 videtur,

295 1751 349 1790 nec
365 1729 457 1788 fratris
471 1729 556 1787 radiis
571 1729 697 1787 obnoxia
711 1749 822 1804 surgere
837 1728 930 1801 Luna,

296 1811 394 1871 tenuia
408 1831 463 1869 nec
479 1811 562 1869 lanae
578 1831 630 1888 per
644 1811 757 1868 caelum
771 1809 878 1868 vellera
893 1808 961 1868 ferri
974 1833 983 1878 3

205 1913 208 1919 ·
296 1913 355 1950 non
370 1891 502 1970 tepidum
517 1891 552 1949 ad
569 1892 658 1950 solem
672 1891 775 1967 pinnas
789 1889 820 1948 in
836 1890 919 1949 litore
933 1889 1064 1967 pandunt

296 1973 419 2032 dilectae
434 1971 557 2030 Thetidi
575 1973 718 2048 alcyones,
734 1991 794 2029 non
809 1991 857 2030 ore
871 1971 977 2029 solutos

296 2052 430 2112 inmundi
445 2052 605 2110 meminere
620 2073 683 2110 sues
697 2052 802 2110 iactare
815 2051 967 2130 maniplos.
1127 2082 1167 2121 400

296 2150 324 2193 at
338 2133 462 2192 nebulae
477 2133 565 2208 magis
581 2133 639 2190 ima
653 2147 757 2210 petunt
772 2153 930 2212 campoque
944 2132 1129 2204 recumbunt,

296 2214 362 2273 solis
377 2227 406 2273 et
419 2233 552 2272 occasum
568 2234 679 2271 servans
693 2213 728 2271 de
743 2214 874 2274 culmine
888 2234 1002 2273 summo

296 2293 472 2372 nequiquam
486 2315 560 2352 seros
578 2308 693 2354 exercet
707 2310 813 2354 noctua
827 2311 937 2354 cantus.

297 2391 416 2455 apparet
430 2374 540 2452 liquido
556 2375 687 2434 sublimis
701 2375 731 2433 in
747 2384 811 2434 ae're
826 2375 924 2448 Nisus,

297 2471 326 2516 et
339 2478 392 2535 pro
405 2477 547 2534 purpureo
562 2477 669 2533 poenas
683 2456 732 2515 dat
748 2457 843 2534 Scylla
858 2457 983 2534 capillo:

296 2557 478 2617 quacumque
493 2537 542 2594 illa
558 2538 654 2595 levem
669 2536 782 2612 fugiens
797 2551 875 2596 secat
889 2538 1005 2596 aethera
1020 2535 1130 2614 pinnis,

297 2639 365 2678 ecce
380 2618 515 2677 inimicus
530 2633 611 2675 atrox
626 2637 730 2693 magno
745 2617 863 2676 stridore
877 2639 928 2696 per
941 2638 1021 2676 auras

296 2698 458 2777 insequitur
472 2697 561 2756 Nisus
574 2721 584 2766 ;
606 2718 662 2775 qua
676 2718 705 2756 se
720 2699 775 2756 fert
789 2698 879 2757 Nisus
893 2699 929 2756 ad
941 2719 1032 2771 auras,

297 2779 348 2838 illa
361 2781 456 2838 levem
471 2778 584 2855 fugiens
600 2778 705 2856 raptim
720 2794 797 2838 secat
812 2781 928 2838 aethera
940 2778 1048 2857 pinnis.

298 2873 361 2919 tum
376 2859 498 2938 liquidas
514 2859 591 2918 corvi
606 2881 704 2936 presso
719 2874 762 2918 ter
776 2875 891 2936 gutture
902 2880 987 2918 voces
1127 2888 1170 2926 410

298 2955 346 2999 aut
361 2956 462 3018 quater
477 2939 668 3016 ingeminant,
685 2955 714 2998 et
728 2961 810 3018 saepe
826 2939 968 2998 cubilibus
984 2939 1050 2999 altis

298 3019 395 3079 nescio
410 3042 465 3098 qua
480 3035 593 3098 praeter
607 3021 725 3079 solitum
739 3020 894 3079 dulcedine
909 3020 978 3078 laeti

297 3102 373 3160 inter
387 3121 417 3158 se
431 3101 462 3159 in
478 3101 555 3160 foliis
569 3102 722 3178 strepitant
735 3125 745 3171 3
758 3101 836 3159 iuvat
850 3099 990 3159 imbribus
1004 3100 1074 3159 actis

297 3181 465 3259 progeniem
479 3203 595 3258 parvam
610 3182 766 3260 dulcesque
780 3180 901 3240 revisere
915 3181 1020 3249 nid0s;

297 3261 383 3334 haud,
400 3260 535 3338 equidem
550 3263 646 3335 credo,
663 3262 728 3340 quia
742 3262 779 3320 sit
793 3261 931 3320 divinitus
946 3262 1005 3320 illis

298 3341 449 3418 ingenium
464 3356 513 3401 aut
526 3363 621 3402 rerum
636 3345 696 3402 fato
710 3342 863 3421 prudentia
876 3343 989 3414 maiorq

636 3437 681 3498 383
700 3437 782 3484 variae.
