2558 4112
250 358 295 409 134
521 346 549 395 P.
566 344 709 394 VERGILI
726 343 884 394 MARONIS

290 491 334 534 ter
348 475 459 552 scopuli
475 474 633 534 clamorem
647 474 724 534 inter
737 494 806 534 cava
821 495 887 534 saxa
902 474 1019 546 dedere,

289 573 333 616 ter
347 575 478 634 spumam
494 555 593 615 elisam
608 569 638 614 et
651 554 777 614 rorantia
792 555 916 614 vidimus
931 569 1014 616 astra.

289 637 400 696 interea
415 637 504 694 fessos
517 651 622 695 ventus
636 656 703 695 cunr
719 636 779 696 sole
793 636 921 714 reliquit,

289 717 438 796 ignarique
453 717 516 776 viae
532 716 698 796 Cyclopum
712 716 874 776 adlabimur
888 716 954 777 oria.

328 813 427 876 portus
441 798 477 856 ab
492 817 608 856 accessu
622 812 776 856 ventorum
791 797 919 856 inmotus
934 813 963 856 et
977 797 1079 874 ingens
1118 828 1160 868 ⁵⁷0

289 879 370 958 ipse;
391 879 441 937 sed
455 878 618 936 horrificis
610 893 690 936 iuxta
706 892 788 936 tonat
802 880 900 937 Aetna
914 877 1014 951 ruinis,

289 959 495 1037 interdumque
509 974 600 1018 atram
614 958 776 1052 prorumpit
790 959 827 1017 ad
841 960 956 1018 aethera
971 959 1081 1018 nubem

289 1040 406 1101 turbine
420 1040 625 1100 fumantem'
598 1061 682 1118 p1ce0
698 1055 727 1098 et
742 1040 887 1099 candente
902 1039 1001 1098 favilla

289 1121 457 1200 attollitque
471 1121 571 1196 globos
586 1119 766 1180 flammarum
783 1136 812 1179 et
826 1119 918 1178 sidera
933 1119 1054 1192 lambit;

289 1202 436 1261 interdum
450 1202 583 1279 scopulos
598 1202 754 1281 avulsaque
768 1201 877 1260 viscera
891 1200 1000 1259 montis

290 1282 373 1358 erigit
388 1297 521 1340 eructans
536 1282 754 1361 liquefactaque
768 1302 833 1340 saxa
848 1282 901 1340 sub
915 1302 996 1340 auras

289 1383 357 1422 cum
370 1362 481 1438 gemitu
496 1363 637 1438 glomerat
652 1362 803 1442 fundoque
819 1377 966 1421 exaestuat
980 1362 1049 1422 imo.

289 1443 365 1502 fama
381 1457 423 1500 est
437 1442 579 1502 Enceladi
595 1458 753 1502 semustum
767 1443 893 1502 fulmine
907 1463 1011 1520 eorpus

289 1543 402 1600 urgueri
395 1523 496 1582 'mole
510 1523 598 1594 hac,
590 1539 800 1602 ingentemque
814 1523 932 1601 insuper
945 1525 1073 1582 Aetnam

289 1603 444 1682 inpositam
459 1603 551 1682 ruptis
566 1602 711 1662 dammam
728 1604 870 1682 exspirare
884 1603 1027 1675 caminis3
1116 1620 1154 1671 sao

290 1700 319 1744 et
333 1686 439 1744 fessum
454 1684 588 1763 quotiens
602 1699 696 1743 mutet
711 1685 817 1759 latus,
810 1701 966 1744 intremere
980 1704 1099 1744 omnem

288 1786 436 1826 murmure
451 1764 636 1824 Trinacriam
652 1781 681 1824 et
695 1767 810 1824 eaelum
825 1767 977 1826 subtexere
991 1766 1082 1826 fumo.

288 1863 407 1906 noctem
421 1847 503 1906 illam
519 1847 589 1907 tecti
604 1845 682 1906 silvis
696 1846 826 1906 inmania
840 1862 966 1906 monstra

287 1927 467 2006 perferimus,
483 1948 538 1986 nec
554 1947 627 2007 quae
642 1927 769 1987 sonitum
783 1928 834 1987 det
848 1948 932 1987 causa
946 1927 1087 1988 videmus.

289 2029 357 2067 nam
372 2029 468 2087 neque
484 2024 565 2067 erant
579 2024 719 2068 astrorum
734 2009 814 2084 ignes
829 2029 884 2067 nec
900 2007 1014 2068 lucidus
1027 2010 1127 2067 aethra

204 2091 211 2098 '
289 2089 396 2147 siderea
410 2089 503 2166 polus,
518 2089 640 2148 obscuro
655 2089 705 2148 sed
720 2089 820 2149 nubila
833 2089 927 2161 caelo,

290 2185 319 2228 et
333 2169 433 2228 lunam
447 2168 478 2227 in
494 2168 595 2229 nimbo
609 2191 668 2228 nox
683 2171 857 2249 intempesta
872 2171 1000 2230 tenebat.

328 2264 442 2328 postera
457 2249 573 2329 iamque
587 2251 649 2310 dies
664 2250 758 2329 primo
773 2251 906 2328 surgebat
921 2252 993 2323 Eoo,

288 2346 497 2410 umentemque
510 2333 621 2390 Aurora
637 2333 706 2410 polo
720 2331 881 2392 dimoverat
896 2332 1027 2391 umbram
1041 2354 1049 2390 ε

288 2431 356 2471 cum
370 2412 466 2472 subito
481 2433 496 2470 e
511 2412 588 2471 silvis
604 2413 697 2471 macie
712 2413 848 2472 confecta
862 2433 994 2491 suprema
1115 2440 1154 2482 ⁵90

288 2491 379 2569 ignoti
394 2513 469 2552 nova
484 2493 576 2552 forma
589 2492 644 2551 viri
659 2492 878 2573 miserandaque
892 2493 975 2553 cultu

287 2573 419 2651 procedit
433 2574 614 2652 supplexque
628 2593 729 2632 manus
744 2575 781 2633 ad
795 2575 880 2634 litora
895 2574 1000 2634 tendit.

287 2653 476 2732 respicimus:
497 2654 558 2714 dira
573 2653 698 2714 inluvies
713 2654 887 2734 inmissaque
901 2656 999 2728 barba,

287 2751 452 2794 consertum
467 2750 603 2811 tegumen
618 2735 725 2813 spinis;
746 2751 776 2794 at
790 2753 885 2795 cetera
900 2737 1014 2808 Graius,

289 2829 317 2872 et
332 2815 479 2893 quondam
492 2815 592 2893 patriis
606 2817 643 2874 ad
658 2815 779 2876 Troiam
793 2817 893 2876 missus
908 2817 940 2876 in
955 2816 1049 2877 armis.

287 2893 368 2975 isque
383 2895 431 2954 ubi
445 2896 608 2956 Dardanios
622 2897 737 2958 habitus
753 2912 782 2958 et
796 2898 886 2957 Troia
899 2897 974 2956 vidit

286 2995 364 3034 arma
359 2977 488 3069 procul,
503 2978 622 3055 paulum
636 2994 755 3057 aspectu
770 2979 943 3039 conterritus
956 2978 1049 3038 haesit

287 3055 492 3136 continuitque
505 3058 644 3134 gradum3
665 3079 732 3119 mox
747 3080 806 3120 sese
820 3060 857 3119 ad
870 3060 956 3120 litora
970 3079 1108 3138 praeceps

286 3155 355 3194 cum
369 3135 440 3195 fletu
455 3139 647 3219 precibusque
662 3140 783 3200 tulitr‘
791 3161 844 3219 per
858 3141 950 3200 sidera
965 3155 1062 3212 testor,

285 3236 338 3294 per
352 3236 466 3294 superos
481 3235 567 3297 atque
582 3223 638 3280 hoc
654 3221 726 3281 caeli
743 3221 878 3300 spirabile
891 3222 1003 3294 lumen,
1114 3237 1151 3278 σω

286 3295 381 3355 tollite
396 3316 453 3370 me,
469 3298 598 3372 Teucri,
620 3321 817 3382 quascumque
832 3302 967 3363 abducite
983 3317 1092 3362 terras:

617 3395 664 3442 600
681 3411 779 3446 numen.
