2568 4114
424 413 592 464 AENEIDOS
610 414 673 462 LIB.
691 416 716 462 V

154 547 289 606 ductores
303 543 389 620 longe
405 543 545 620 effulgent
559 559 693 622 ostroque
708 543 825 614 decori;

155 641 251 686 cetera
265 626 390 704 populea
404 625 516 684 velatur
531 625 636 684 fronde
650 623 795 697 iuventus,

154 707 336 784 nudatosque
352 726 465 766 umeros
479 706 544 764 oleo
558 705 674 784 perfusa
689 706 816 766 nitescit.

154 787 311 848 considunt
326 787 466 860 transtris,
481 787 654 865 intentaque
668 787 804 846 bracchia
818 786 921 847 remis:

153 868 263 927 intenti
279 881 449 946 exspectant
463 868 587 944 signum,
602 867 835 946 exsultantiaque
848 868 945 927 haurit

154 949 241 1008 corda
255 969 344 1026 pavor
357 949 473 1027 pulsans
488 949 666 1027 laudumque
681 964 791 1008 arrecta
806 948 922 1026 cupido.

154 1030 223 1088 inde
238 1029 288 1088 ubi
303 1031 380 1089 clara
393 1029 476 1091 dedit
490 1029 617 1088 sonitum
633 1030 711 1102 tuba,
726 1029 832 1088 finibus
847 1049 958 1100 omnes,

153 1111 232 1169 haud
247 1131 336 1184 mora,
350 1110 511 1189 prosiluere
525 1109 600 1174 suis:
623 1109 691 1170 ferit
706 1113 823 1169 aethera
838 1111 947 1168 clamor
986 1139 1023 1178 140

154 1191 306 1261 nauticus3
327 1191 460 1251 adductis
475 1206 611 1269 spumant
625 1191 701 1250 freta
715 1211 795 1250 versa
809 1190 934 1250 lacertis,

154 1272 305 1331 infindunt
317 1271 426 1350 pariter
440 1272 544 1344 sulcos,
561 1286 713 1350 totumque
728 1271 854 1331 dehiscit

154 1353 326 1413 convulsum
340 1353 426 1412 remis
441 1352 597 1431 rostrisque
613 1352 788 1412 tridentibus
803 1373 919 1431 aequor.

154 1453 214 1492 non
229 1449 288 1493 tam
302 1433 476 1511 praecipites
490 1433 590 1509 biiugo
604 1433 764 1492 certamine
779 1453 914 1512 campum
1007 1505 1010 1512 Ι

154 1513 318 1592 corripuere
332 1529 480 1593 ruuntque
496 1514 578 1574 effusi
595 1534 709 1574 carcere
724 1535 842 1584 currus3

154 1615 209 1654 nec
224 1595 263 1654 sic
279 1595 404 1654 inmissis
418 1595 533 1672 aurigae
549 1595 690 1657 undantia
705 1595 765 1654 lora

153 1696 323 1734 concussere
338 1675 421 1752 iugis,
435 1676 581 1755 pronique
595 1677 626 1736 in
641 1677 760 1736 verbera
774 1675 916 1754 pendent.

154 1772 216 1815 tum
229 1757 332 1834 plausu
348 1757 527 1836 fremituque
541 1757 637 1817 virum
651 1756 813 1835 studiisque
828 1757 980 1814 faventum

153 1852 293 1897 consonat
308 1858 396 1897 omne
411 1858 523 1910 nemus,
540 1857 701 1916 vocemque
716 1837 829 1896 inclusa
843 1837 978 1896 volutant

153 1917 256 1989 litora;
276 1918 387 2011 pulsati
399 1920 488 1977 colles
503 1918 631 2010 clamore
645 1917 797 1976 resultant.
985 1945 1023 1984 150

153 1998 254 2075 effugit
268 2015 336 2058 ante
352 1998 422 2058 alios
436 1997 596 2090 primisque
612 1996 738 2056 elabitur
753 1997 838 2056 undis

152 2081 267 2140 turbam
301 2080 380 2139 inter
412 2077 623 2156 fremitumque
657 2079 755 2155 Gyas;
787 2099 875 2157 quem
913 2079 1020 2138 deinde

234 2159 398 2220 Cloanthus

151 2239 349 2318 consequitur,
365 2238 469 2298 melior
482 2238 579 2312 remis,
594 2240 644 2298 sed
659 2241 788 2316 pondere
802 2240 889 2319 pinus

150 2321 231 2379 tarda
246 2335 338 2380 tenet.
380 2335 446 2399 post
461 2321 513 2379 hos
528 2340 622 2398 aequo
637 2319 806 2379 discrimine
822 2321 919 2380 Pristis

151 2403 376 2478 Centaurusque
392 2401 491 2460 locum
507 2401 635 2462 tendunt
649 2421 785 2478 superare
799 2401 944 2479 priorem3

151 2497 179 2540 et
194 2503 274 2541 nunc
291 2482 390 2541 Pristis
404 2483 503 2554 habet,
519 2501 599 2541 nune
614 2481 724 2541 vietam
737 2480 876 2558 praeterit
890 2481 992 2556 ingens

151 2563 326 2635 Centaurus,
342 2583 423 2622 nunc
438 2582 496 2620 una
511 2562 612 2622 ambae
628 2561 795 2641 iunctisque
809 2563 945 2620 feruntur

150 2643 305 2717 frontibus,
321 2659 350 2703 et
365 2644 451 2719 longa
467 2643 581 2702 sulcant
595 2643 668 2702 vada
684 2643 755 2702 salsa
770 2642 877 2702 carina.

149 2724 264 2803 iamque
280 2723 517 2817 propinquabant
532 2724 663 2817 scopulo,
678 2739 852 2817 metamque
860 2724 1009 2794 tenebant,

150 2825 223 2864 cum
231 2805 367 2883 princeps
382 2803 539 2883 medioque
555 2804 659 2882 Gyas
650 2825 682 2862 tn
698 2804 810 2881 gurgite
825 2803 918 2862 victor
984 2823 1022 2861 ιω

150 2901 292 2946 rectorem
307 2885 387 2945 navis
402 2886 561 2964 compellat
575 2905 647 2945 voce
663 2886 846 2944 Menoeten:

131 2970 207 3045 ‘quo
223 2980 338 3026 tantum
353 2966 426 3026 mihi
441 2967 544 3026 dexter
559 2961 639 3024 abis?
659 2969 718 3026 huc
735 2966 833 3042 derige
847 2985 994 3042 gressum

150 3047 218 3104 litus
233 3067 307 3120 ama,
324 3062 353 3106 et
368 3048 463 3107 laevas
478 3047 600 3122 stringat
615 3045 678 3106 sine
692 3048 821 3126 palmula
838 3063 955 3118 cautes;

150 3127 241 3187 altum
255 3127 304 3186 alii
321 3128 462 3187 teneant.’
471 3171 476 3184 .
504 3127 597 3186 dixit:
618 3128 670 3186 sed
684 3148 770 3186 caeca
786 3129 943 3188 Menoetes

150 3228 215 3268 saxa
230 3209 337 3269 timens
351 3228 466 3286 proram
479 3207 574 3301 pelagi
590 3209 746 3286 detorquet
760 3209 796 3267 ad
812 3210 914 3270 undas

130 3292 207 3366 ‘quo
221 3289 350 3348 diversus
365 3289 440 3348 abis.
435 3289 488 3334 θ’
480 3293 622 3361 sterum,‘
631 3303 699 3367 pete
713 3311 789 3364 saxa,
805 3289 970 3362 Menoete‚’

150 3389 217 3428 eum
232 3369 358 3429 clamore
374 3370 454 3446 Gyas
468 3363 640 3441 revocabat;
662 3385 692 3428 et
707 3391 777 3430 eece
792 3371 975 3431 Cloanthum

497 3463 541 3525 163
560 3465 632 3512 laeva.
