2562 4114
430 379 596 428 AENEIDOS
613 380 677 428 LIB.
694 380 733 428 XI

171 514 328 572 ducentem
342 511 373 570 in
389 511 506 570 Latium
521 512 653 570 Teucros
668 512 804 570 cecidisse
820 511 938 571 iuvabit.

172 593 244 672 quin
259 613 312 668 ego
326 612 386 651 uon
402 591 457 650 alio
472 592 574 668 digner
589 608 617 650 te
632 593 745 664 funere,
762 593 857 662 Palla,¹

136 731 144 746 ‚
173 693 258 753 quam
273 673 337 750 pius
351 675 473 743 Aeneas,
489 689 517 731 et
532 693 620 751 quam
635 673 732 750 magni
750 674 884 750 Phryges,
900 690 929 732 et
943 696 1029 753 quam

173 753 379 832 Tyrrhenique
394 754 491 825 duces,
507 755 696 831 Tyrrhenum
712 754 854 813 exercitus
870 756 974 814 omnis.
1006 787 1040 826 171

172 855 276 911 magna
291 849 403 913 tropaea
417 835 524 906 ferunt,
540 856 610 913 quos
626 835 674 894 dat
690 850 738 893 tua
753 836 871 894 dextera
887 837 966 908 leto;

173 933 205 976 tu
220 935 336 994 quoque
351 936 430 974 nunc
448 932 532 974 stares
547 915 673 974 inmanis
690 932 809 975 truncus
825 916 855 974 in
872 917 966 988 armis,

173 1012 246 1056 esset
260 1017 311 1074 par
325 1012 400 1056 aetas
415 1012 445 1055 et
459 996 537 1055 idem
552 997 574 1054 si
590 998 676 1055 robur
692 997 728 1055 ab
742 997 834 1068 annis,

174 1079 286 1137 Turne.
328 1078 379 1136 sed
392 1077 495 1136 infelix
511 1078 643 1136 Teucros
660 1077 731 1156 quid
747 1078 879 1136 demoror
893 1079 1000 1138 armis?

172 1158 276 1228 vadite,
293 1172 321 1217 et
335 1160 405 1216 haec
421 1178 561 1216 memores
577 1159 635 1234 regi
651 1159 787 1217 mandata
801 1160 926 1218 referte:

172 1239 250 1318 quod
265 1239 353 1297 vitam
367 1258 463 1297 moror
477 1239 609 1309 invisam,
628 1240 759 1298 Pallante
774 1255 934 1317 perempto,

173 1321 289 1380 dextera
304 1339 386 1378 causa
402 1335 516 1392 tuaest,
533 1320 671 1378 Turnum
689 1336 814 1398 natoque
830 1321 959 1400 patrique

173 1422 260 1480 quam
274 1401 379 1460 debere
393 1401 482 1460 vides.
524 1401 633 1460 meritis
649 1416 731 1460 vacat
744 1401 793 1460 hic
809 1401 863 1460 tibi
878 1404 953 1460 solus

172 1483 363 1560 fortunaeque
378 1482 468 1540 locus.
511 1500 570 1540 non
585 1481 660 1540 vitae
676 1481 777 1556 gaudia
791 1502 908 1560 quaero,
1005 1500 1042 1541 rso

173 1583 228 1622 nec
244 1563 307 1630 fas3
328 1563 378 1621 sed
392 1578 461 1620 nato
477 1562 583 1621 Manes
599 1563 723 1639 perferre
739 1563 791 1621 sub
806 1563 895 1622 imos?

213 1645 323 1702 Aurora
336 1643 446 1701 interea
459 1643 568 1702 miseris
584 1643 753 1702 mortalibus
768 1645 873 1702 almam

172 1725 314 1784 extulerat
327 1724 435 1794 lucem,
450 1725 575 1782 referens
591 1745 678 1802 opera
692 1742 777 1802 atque
793 1725 911 1784 labores.

172 1806 230 1864 iam
244 1821 325 1882 pater
339 1806 459 1874 Aeneas,
475 1805 532 1863 iam
549 1825 637 1863 curvo
652 1805 684 1862 in
700 1805 783 1862 litore
798 1806 936 1863 Tarchon

173 1886 348 1945 constituere
363 1906 453 1962 pyras.
496 1887 553 1943 huc
572 1905 691 1962 corpora
706 1885 827 1963 quisque
843 1905 959 1944 suorum

173 1986 253 2024 more
269 1966 360 2024 tulere
374 1981 510 2043 patrum;
533 1964 727 2043 subiectisque
743 1965 856 2040 ignibus
871 1966 936 2025 atris

173 2046 309 2106 conditur
323 2047 354 2104 in
370 2046 500 2104 tenebras
516 2045 606 2102 altum
623 2045 748 2121 caligine
764 2047 885 2106 caelum.

174 2144 217 2187 ter
232 2128 343 2186 circum
356 2147 499 2197 accensos,
517 2126 606 2184 cincti
624 2127 802 2202 fulgentibus
817 2127 912 2199 armis,

173 2210 325 2267 decurrere
340 2227 419 2282 rogos
432 2233 441 2278 ;
463 2222 505 2266 ter
519 2224 662 2267 maestum
678 2208 787 2266 funeris
802 2209 898 2283 ignem

175 2291 330 2349 lustravere
344 2289 375 2346 in
392 2288 482 2366 equis,
499 2290 684 2369 ululatusque
699 2309 748 2347 ore
763 2290 875 2348 dedere.
1006 2319 1043 2358 190

174 2371 315 2451 spargitur
328 2386 357 2429 et
371 2371 457 2428 tellus
472 2370 607 2441 lacrimis,
622 2385 795 2448 sparguntur
810 2386 839 2428 et
854 2391 939 2430 arma.

174 2453 198 2512 it
212 2453 293 2512 caelo
307 2451 472 2529 clamorque
486 2451 581 2509 virum
596 2451 772 2529 clangorque
787 2451 931 2511 tubarum.

174 2534 245 2592 hinc
260 2532 309 2592 alii
325 2533 415 2611 spolia
428 2532 528 2591 occisis
543 2532 661 2610 derepta
676 2531 787 2590 Latinis

175 2613 326 2673 coniciunt
340 2613 410 2689 igni,
425 2614 525 2689 galeas,
542 2633 680 2692 ensesque
695 2613 824 2684 decoros,

175 2695 322 2773 frenaque,
337 2695 537 2772 ferventesque
551 2710 649 2764 rotas3
669 2714 733 2771 pars
748 2713 868 2753 munera
882 2711 958 2767 nota,

175 2776 303 2853 ipsorum
319 2775 426 2853 clipeos
442 2791 470 2833 et
485 2795 544 2832 non
560 2774 657 2833 felicia
671 2775 737 2833 tela.

176 2856 268 2914 multa
282 2856 369 2915 Mum
385 2855 461 2914 circa
475 2870 637 2914 mactantur
652 2875 769 2933 corpora
784 2856 887 2927 Morti,

176 2936 382 3015 saetigerosque
398 2957 461 2995 sues
476 2952 624 3014 raptasque
639 2957 676 2995 ex
690 2937 824 2995 omnibus
839 2937 911 3014 agris

176 3018 207 3075 in
223 3016 368 3076 flammam
382 3017 514 3094 iugulant
526 3017 662 3095 pecudes.
705 3033 768 3076 tum
783 3017 868 3076 litore
882 3033 944 3077 toto

177 3099 306 3157 ardentes
321 3114 451 3175 spectant
465 3099 564 3167 socios,
581 3097 773 3176 semiustaque
788 3114 901 3158 servant
1005 3127 1043 3156 200

177 3181 268 3248 busta,
284 3197 379 3256 neque
394 3179 478 3238 avelli
493 3195 621 3257 possunt,
638 3199 696 3236 nox
712 3179 808 3238 umida
822 3180 914 3239 donec

176 3259 297 3319 invertit
311 3260 424 3318 caelum
439 3260 530 3319 stellis
543 3259 721 3336 fulgentibus
735 3275 845 3336 aptum.

218 3361 272 3400 nec
287 3339 383 3399 minus
397 3356 427 3401 et
441 3341 536 3400 miseri
551 3340 662 3399 diversa
676 3340 706 3398 in
722 3356 801 3418 parte
816 3341 914 3400 Latini
939 3405 942 3410 ,

157 3437 161 3442 “
522 3435 565 3482 168
585 3433 681 3485 iuvaret.
