2568 4114
248 272 297 323 2⁵4
521 258 548 306 Ρ.
565 257 708 305 venerit
726 258 883 332 Minoum

287 391 412 453 alituum
426 391 634 470 pecudumque
648 411 738 467 genus
753 412 784 449 so
805 412 838 450 or
853 392 927 450 altus
942 392 1087 453 habebat:

287 493 355 533 cum
369 487 452 551 pater
467 472 498 530 in
514 472 576 550 ripa
590 471 738 551 gelidique
753 412 805 531 suh
820 472 945 532 aetheris
958 494 1012 533 axe

286 556 410 627 Aeneas,
427 552 501 612 tristi
517 554 648 613 turbatus
662 569 781 632 pectora
794 553 883 626 bello,

286 634 442 714 procubuit
457 654 608 713 seramque
622 634 706 693 dedit
719 655 772 712 per
785 634 914 694 membra
927 635 1068 715 quietem.
1132 667 1159 704 φ

286 715 357 775 huic
371 714 465 774 deus
456 735 517 793 ipse
533 715 591 773 loci
606 712 696 774 lluvio
711 715 870 774 Tiberinus
884 736 1007 776 amoeno

286 795 450 875 populeas
442 811 519 874 inter
534 795 631 854 senior
645 816 675 856 se
687 796 821 856 attollere
835 796 952 855 frondes

286 877 385 948 visus;
406 896 474 936 eum
489 876 587 934 tenuis
602 876 705 955 glauco
719 877 835 935 velabat
849 877 955 936 amictu

287 921 429 1029 carbaius,
446 972 476 1016 et
490 957 585 1017 crines
601 956 735 1016 umbrosa
751 958 864 1034 tegebat
878 959 1032 1030 harundo,

199 1057 203 1066 ⁴
288 1055 351 1098 tum
366 1039 406 1097 sic
422 1037 524 1111 adfari,
541 1053 570 1096 et
585 1057 668 1097 curas
683 1038 727 1096 his
742 1037 859 1097 demere
872 1039 978 1098 dictis:

330 1125 439 1179 ‘osate
453 1134 541 1195 gente
556 1119 654 1190 deum,
671 1118 832 1178 Troianam
847 1140 882 1178 ex
897 1119 1026 1178 hostibus
1041 1121 1146 1180 urbem

288 1221 338 1279 qut
330 1200 465 1261 revehis
480 1199 564 1259 nobis
579 1217 756 1293 aeternaque
771 1200 908 1277 Pergama
922 1221 1075 1273 servas,

288 1295 454 1360 exspectate
468 1281 529 1339 solo
546 1280 685 1341 Laurenti
701 1281 832 1374 arvisque
847 1279 968 1352 Latinis,
1279 1285 1280 1368 l

287 1361 335 1420 hic
351 1361 405 1420 tibi
420 1376 499 1420 certa
514 1361 640 1456 domums,
643 1361 795 1421 certi-ne
810 1361 1104 1434 absiste-—l'enates3

288 1461 347 1500 neu
361 1440 431 1499 belli
447 1456 553 1500 terrere
567 1460 678 1513 mtn1s3
699 1459 796 1501 tumor
809 1442 903 1502 omnis
918 1459 948 1502 et
962 1443 1018 1502 irae
1133 1473 1160 1511 40

288 1541 456 1582 concessere
471 1520 569 1582 deum.

288 1603 405 1681 iamque
421 1602 483 1672 tibi,
500 1622 538 1661 ne
553 1624 626 1662 vana
641 1619 725 1682 putes
740 1607 812 1664 haec
827 1604 934 1682 fingere
949 1623 1094 1677 somnum,

288 1683 397 1743 litoreis
406 1683 509 1759 ingens
521 1682 644 1743 inventa
659 1685 712 1743 sub
728 1684 842 1744 ilicibus
857 1707 912 1759 sus,

289 1764 407 1840 triginta
421 1763 551 1845 capitum
568 1765 645 1824 fetus
660 1765 757 1837 enixa,
771 1765 888 1839 iacebit,

289 1847 363 1919 alba,
379 1846 441 1904 solo
454 1847 606 1919 recubans,
622 1846 681 1905 albi
696 1847 807 1906 circum
822 1848 908 1907 ubera
923 1847 994 1907 nati.
1026 1896 1029 1903 .

290 1926 351 2004 [hic
365 1928 447 1985 locus
461 1927 539 1985 urbis
555 1927 618 2000 erit,
635 1927 748 2006 requies
764 1948 796 1987 ea
810 1944 890 1986 certa
903 1928 1059 2021 laborum]

291 2027 325 2064 ex
340 2027 398 2085 quo
414 2022 457 2065 ter
471 2007 554 2065 denis
570 2008 673 2067 urbem
687 2007 876 2068 redeuntibus
891 2009 973 2068 annis

289 2087 432 2145 Ascanius
446 2086 516 2146 clari
532 2088 641 2147 condet
656 2088 837 2164 cognominis
850 2084 965 2148 Albam.

289 2166 389 2225 haud
381 2182 492 2226 incerta
508 2188 591 2228 cano.
635 2189 715 2228 nunc
730 2190 786 2248 qua
800 2169 912 2228 ratione
926 2171 1027 2249 quod
1019 2187 1108 2230 instat

290 2247 426 2325 expedias
440 2248 542 2321 victor,
558 2250 666 2327 paucis,
682 2251 810 2322 adverte,
825 2251 946 2311 docebo.
1135 2283 1162 2320 90

289 2329 415 2386 Arcades
428 2327 473 2388 his
487 2329 553 2401 oris,
568 2350 658 2405 genus
674 2352 690 2388 a
707 2331 838 2390 Pallante
852 2332 1027 2409 profectum,

289 2409 340 2488 qui
354 2429 452 2486 regem
467 2409 637 2469 Euandrum
652 2410 783 2484 comites,
798 2411 848 2490 qui
864 2412 944 2488 signa
958 2413 1058 2486 secuti,

290 2490 423 2566 delegere
438 2491 536 2549 locum
552 2506 581 2548 et
595 2510 718 2569 posuere
733 2491 764 2549 in
780 2493 926 2552 montibus
942 2494 1042 2554 urbem

292 2571 431 2629 Pallantis
445 2591 543 2648 proavt
535 2571 595 2630 de
610 2572 730 2633 nomine
747 2573 950 2633 Pallanteum:

290 2650 322 2709 hi
336 2651 447 2711 bellum
461 2651 581 2711 adsidue
595 2653 710 2712 ducunt
723 2673 792 2713 cum
805 2670 892 2730 gente
908 2654 1032 2726 Latina,

291 2732 343 2790 hos
357 2731 456 2791 castris
471 2732 578 2791 adhibe
592 2733 693 2807 socios,
710 2750 740 2793 et
755 2735 895 2794 foedera
887 2756 1024 2812 iunge.-

290 2811 352 2890 ipse
367 2833 420 2889 ego
435 2829 464 2871 te
478 2813 546 2891 ripis
562 2827 591 2872 et
605 2830 686 2874 recto
701 2815 823 2874 llumine
838 2817 952 2890 ducam,

291 2892 441 2952 adversum
456 2893 541 2952 remis
557 2915 673 2973 superes
688 2897 843 2957 subvectus
859 2913 891 2956 ut
906 2918 1030 2957 amnem.

292 2993 374 3049 surge
389 2995 449 3051 age,
465 2991 533 3034 nate
548 2976 612 3047 dea,
626 2977 785 3056 primisque
800 2978 971 3038 cadentibus
986 2979 1067 3038 astris

291 3054 399 3112 Iunoni
415 3055 495 3113 fer'
473 3072 528 3114 rite
542 3078 651 3135 preces,
666 3057 796 3137 iramque
811 3059 961 3138 minasque
1136 3079 1163 3119 ⁶0

291 3134 470 3212 supplicibus
482 3157 583 3216 supera
597 3138 679 3198 votis.
721 3139 794 3198 mihi
809 3140 903 3199 victor
916 3143 1058 3199 honorem

290 3215 445 3292 persolves
489 3239 541 3294 ego
556 3239 629 3291 sum,
643 3219 733 3298 pleno
748 3232 836 3298 quem
851 3221 971 3281 flumine
986 3221 1081 3281 cernis

515 3329 545 3378 50
561 3317 686 3380 expediam.
754 3319 784 3382 56
801 3319 899 3372 foedere.
