2556 4116
425 364 627 413 GEORGICON
643 366 706 414 LIB.
724 367 736 414 Ι

165 513 192 555 at
208 494 355 573 Chalybes
369 495 440 554 nudi
457 495 573 566 ferrum,
589 495 735 574 virosaque
751 496 859 556 Pontus

163 592 298 647 castorea,
315 576 450 636 Eliadum
464 577 571 654 palmas
586 576 687 655 Epiros
702 583 860 656 equarum?

164 658 307 717 continuo
322 659 371 715 has
385 657 461 734 leges
477 675 647 736 aeternaque
662 658 776 717 foedera
790 659 874 716 certis
1011 679 1038 719 ⁶0

164 738 293 816 inposuit
307 754 407 797 natura
422 738 502 809 locis,
517 760 575 817 quo
590 755 719 817 tempore
735 739 860 818 primurn

164 819 329 879 Deucalion
344 839 468 878 vacuum
483 819 593 896 lapides
608 819 724 878 iactavit
738 819 769 878 in
784 820 894 890 orbem,

164 900 242 959 unde
257 900 388 959 homines
403 899 473 971 nati,
488 901 593 970 durum
609 920 709 976 genus.
751 921 818 976 ergo
832 921 892 977 age,
908 917 997 962 terrae

164 981 273 1059 pingue
287 980 380 1038 solum
395 980 493 1058 primis
508 982 656 1058 externplo
671 1004 687 1041 a
701 983 847 1040 mensibus
862 983 929 1040 anni

164 1062 252 1121 fortes
266 1061 410 1120 invertant
424 1061 508 1132 tauri,
523 1062 692 1141 glaebasque
707 1062 833 1121 iacentes

164 1142 367 1220 pulverulenta
380 1157 485 1220 coquat
501 1143 618 1201 maturis
633 1143 738 1202 solibus
751 1159 838 1203 aestas
851 1169 860 1214 ;

164 1223 229 1282 atsi
245 1243 304 1281 non
319 1223 407 1282 fuerit
422 1223 508 1282 tellus
523 1224 658 1296 fecunda,
673 1225 725 1282 sub
739 1224 832 1302 ipsum

163 1305 322 1363 Arcturum
337 1304 417 1363 tenui
433 1319 474 1362 sat
490 1304 543 1362 erit
559 1305 729 1382 suspendere
744 1306 844 1366 sulco:

165 1385 237 1456 illie,
251 1384 377 1444 officiant
392 1385 473 1446 laetis
488 1405 525 1443 ne
541 1385 669 1462 frugibus
684 1385 798 1458 herbae,

164 1466 223 1536 hic,
238 1466 365 1525 sterilem
381 1465 500 1543 exiguus
515 1485 552 1524 ne
569 1466 679 1526 deserat
694 1487 776 1526 umor
790 1469 935 1527 harenam.
1011 1499 1038 1537 70

205 1547 322 1606 alternis
336 1547 413 1604 idern
430 1563 522 1605 tonsas
536 1567 644 1606 cessare
659 1549 784 1619 novales,

164 1643 195 1687 et
209 1648 324 1704 segnem
339 1628 447 1706 patiere
463 1629 517 1688 situ
533 1629 684 1688 durescere
699 1648 856 1705 campum3

164 1724 213 1768 aut
227 1709 266 1767 ibi
282 1707 353 1767 flava
368 1729 441 1768 seres
456 1725 567 1770 mutato
582 1709 675 1768 sidere
689 1710 771 1781 farra,

165 1789 242 1849 unde
255 1790 333 1867 prius
348 1791 456 1850 laetum
473 1791 574 1869 siliqua
589 1805 738 1869 quassante
753 1790 888 1865 legumen

164 1886 214 1929 aut
227 1871 321 1930 tenuis
336 1872 410 1930 fetus
426 1871 517 1930 viciae
534 1871 678 1949 tristisque
693 1870 786 1948 lupini

164 1952 310 2011 sustuleris
325 1952 437 2028 fragiles
453 1953 577 2011 calamos
592 1952 749 2030 silvamque
764 1967 922 2012 sonantem.

165 2032 223 2091 urit
237 2032 315 2091 enim
329 2033 383 2091 lini
399 2053 535 2109 campum
551 2053 637 2110 seges,
654 2033 711 2091 urit
726 2053 839 2106 avenae,

165 2128 253 2173 urunt
268 2115 395 2172 Lethaeo
409 2115 523 2192 perfusa
537 2135 676 2191 papavera
690 2119 815 2173 somno?

164 2195 214 2253 sed
228 2211 324 2254 tamen
340 2195 455 2254 alternis
469 2195 562 2254 facilis
578 2196 665 2265 labor,
682 2195 758 2254 arida
772 2212 884 2255 tantum

165 2296 202 2334 ne
217 2293 340 2334 saturare
356 2275 423 2335 limo
438 2276 538 2354 pingui
554 2276 660 2353 pudeat
675 2277 732 2334 sola
746 2297 820 2334 neve
1011 2293 1037 2334 so

165 2357 264 2416 effetos
278 2357 406 2416 cinerem
422 2357 597 2417 inmundum
612 2357 719 2415 iactare
733 2377 783 2434 per
797 2377 884 2432 agros.

165 2436 204 2496 sic
220 2459 333 2517 quoque
348 2438 463 2497 mutatis
479 2438 665 2516 requiescunt
679 2436 785 2495 fetibus
800 2457 886 2506 arva;

164 2538 219 2578 nec
235 2519 314 2577 nulla
328 2518 436 2578 interea
452 2535 493 2578 est
508 2519 632 2578 inaratae
648 2517 736 2594 gratia
750 2533 848 2576 terrae.

206 2619 288 2678 saepe
304 2599 390 2659 etiam
405 2601 515 2659 steriles
531 2600 688 2659 incendere
703 2597 811 2678 profuit
825 2617 912 2674 agros,

165 2696 249 2759 atque
264 2682 359 2740 levem
373 2682 508 2758 stipulam
524 2680 730 2760 crepitantibus
746 2699 827 2738 urere
843 2677 986 2740 flammis:

164 2761 224 2820 sive
238 2761 306 2820 inde
321 2763 447 2821 occultas
463 2763 537 2820 vires
552 2778 582 2822 et
597 2762 701 2841 pabula
715 2777 804 2820 terrae

165 2843 283 2919 pinguia
298 2843 478 2921 concipiunt,
494 2844 552 2902 sive
567 2843 624 2902 illis
640 2863 725 2902 omne
741 2863 792 2921 per
805 2841 902 2918 ignem

166 2924 337 3004 excoquitur
351 2924 455 2984 vitium
471 2942 555 3003 atque
572 2925 690 2984 exsudat
705 2923 815 2983 inutilis
831 2944 922 2996 umor,

165 3025 214 3064 seu
229 3006 324 3083 plures
339 3006 416 3064 calor
430 3006 480 3065 ille
495 3007 553 3064 vias
568 3021 598 3064 et
613 3026 697 3064 caeca
711 3004 818 3064 relaxat

166 3086 346 3163 spiramenta,
360 3108 447 3145 novas
461 3088 558 3146 veniat
572 3106 628 3166 qua
642 3105 726 3145 sucus
740 3085 770 3144 in
786 3086 885 3146 herbas
899 3113 907 3158 ;
1011 3115 1037 3154 9⁰

166 3187 215 3226 seu
228 3167 312 3227 durat
326 3168 422 3245 magis,
439 3184 467 3228 et
481 3189 568 3228 venas
582 3167 732 3243 adstringit
746 3167 867 3238 hiantes,

166 3268 203 3306 ne
218 3264 319 3308 tenues
333 3249 447 3327 pluviae
461 3249 587 3328 rapidive
601 3249 731 3325 potentia
745 3249 810 3307 solis

167 3329 257 3387 acrior
272 3345 321 3388 aut
335 3331 442 3389 Boreae
457 3329 635 3408 penetrabile
649 3328 737 3406 frigus
752 3330 861 3389 adurat.

166 3409 292 3469 multum
307 3410 386 3481 adeo,
401 3411 494 3470 rastris
507 3412 619 3488 glaebas
634 3410 684 3488 qui
699 3411 804 3486 frangit
818 3410 922 3469 inertes
