2568 4114
440 357 606 406 AENEIDOS
624 356 686 407 ΜΒ.
704 357 742 406 Vl
998 371 1044 422 215

177 492 222 552 his
237 491 322 550 dictis
336 509 421 549 curae
437 505 558 562 emotae,
574 491 728 570 pulsusque
743 512 896 570 parumper

177 573 264 633 corde
279 571 362 631 dolor
377 571 469 642 tristi;
489 571 594 647 gaudet
609 572 781 648 cognomine
797 588 899 634 terrae

219 672 286 730 ergo
314 651 370 712 iter
397 652 548 730 inceptum
577 669 719 730 peragunt
751 652 898 733 fluvioque
926 654 1044 732 propin·

280 749 360 792 uant.

179 756 279 874 naviti
291 835 362 908 quos
376 814 434 874 iam
449 813 516 872 inde
532 830 563 874 ut
579 815 676 892 Stygia
691 815 836 893 prospexit
851 816 978 876 abunda

178 917 228 974 per
243 896 364 955 tacitum
379 908 480 954 nemus
495 895 536 954 ire
550 896 711 974 pedemque
726 897 910 957 advertere
888 917 977 976 rapae,

178 978 219 1036 sic
221 977 313 1070 'prior
326 976 492 1052 adgreditur
505 975 601 1048 dictis,
616 992 702 1055 atque
718 977 848 1055 increpat
863 977 960 1038 ιιῙιιο·

158 1056 308 1138 ‘quisquis
323 1077 363 1128 es,
377 1073 502 1116 armatus
516 1057 566 1150 qui
582 1073 676 1116 nostra
692 1057 727 1118 ad
742 1057 862 1118 fiumina
878 1059 980 1128 tendis,

179 1139 238 1198 fare
250 1157 311 1213 age,
321 1137 392 1216 quid
403 1137 511 1209 venias,
522 1139 580 1198 iam
592 1138 689 1210 istinc,
700 1154 729 1198 et
739 1139 898 1216 comprime
908 1159 1044 1216 gressum.

179 1219 347 1311 umbrarum
362 1219 410 1276 hic
427 1219 506 1277 locus
518 1234 570 1290 est,
581 1219 673 1279 somni
689 1219 840 1313 noctisque
851 1241 990 1298 soporae,
1009 1249 1047 1290 390

179 1319 298 1378 corpora
313 1299 379 1358 viva
394 1299 473 1358 nefas
489 1264 587 1376 Stygia
603 1316 716 1359 vectare
731 1301 839 1360 carina.

180 1401 233 1440 nec
248 1401 315 1440 vero
329 1380 455 1440 Alciden
470 1401 516 1438 me
531 1401 594 1440 sum
610 1382 731 1440 laetatus
745 1397 863 1441 euntem

180 1461 322 1540 accepisse
337 1461 411 1532 lacu,
427 1481 481 1520 nec
497 1462 613 1520 Thesea
629 1461 856 1541 Pirithoumque,

179 1542 222 1602 dis
237 1561 411 1621 quamquam
426 1542 517 1620 geniti
533 1557 618 1622 atque
633 1541 736 1603 invicti
751 1543 860 1602 viribus
874 1559 977 1604 essent.

179 1623 353 1683 Tartareum
368 1623 418 1682 illc
433 1643 521 1682 manu
537 1623 686 1684 custodem
700 1623 731 1683 in
746 1625 843 1683 vincla
857 1625 961 1702 petivit

179 1704 267 1782 ipsius
282 1725 298 1763 a
312 1704 383 1764 solio
397 1705 478 1780 regis,
494 1703 638 1784 traxitque
653 1721 825 1765 trementem
838 1731 847 1776 ;

178 1785 208 1844 hi
223 1785 371 1844 dominam
384 1785 462 1844 Ditis
477 1787 603 1845 thalamo
618 1785 762 1844 deducere
777 1785 886 1844 adorti!

178 1885 251 1944 quae
266 1881 367 1926 contra
382 1865 505 1926 breviter
519 1866 577 1925 fata
592 1880 633 1924 est
647 1865 822 1942 Amphrysia
837 1880 936 1926 vates:

1 1919 2 1984 i
160 1947 276 2006 ‘nullae
291 1947 339 2006 ltie
354 1945 476 2004 insidiae
490 1945 706 2006 tales—absiste
721 1945 871 2005 moveri-

179 2047 232 2087 nec
248 2027 308 2085 vim
323 2026 380 2087 tela
395 2027 512 2086 ferunt:
534 2026 603 2086 licet
617 2025 718 2103 ingens
733 2027 837 2087 ianitor
851 2043 935 2088 antro
1008 2059 1047 2097 ιω

179 2124 327 2168 aeternum
342 2108 448 2166 latrans
462 2126 620 2184 exsangues
635 2123 737 2168 terreat
751 2109 866 2168 umbras
879 2133 889 2177 3

178 2205 255 2251 casta
270 2189 340 2247 licet
354 2187 448 2266 patrui
463 2203 555 2248 servet
570 2187 737 2266 Proserpina
752 2191 852 2249 limen.

178 2271 285 2330 Troius
299 2271 422 2340 Aeneas,
436 2269 542 2346 pietate
558 2268 677 2345 insignis
692 2285 721 2327 et
735 2270 830 2341 armis,

179 2352 214 2410 ad
227 2352 388 2429 genitorem
402 2351 473 2408 imas
489 2349 574 2408 Erebi
589 2349 739 2409 descendit
754 2350 790 2410 ad
805 2351 928 2410 umbras.

179 2433 201 2492 si
216 2448 244 2491 te
259 2432 340 2490 nulla
355 2447 451 2490 movet
465 2445 560 2490 tantae
575 2430 689 2508 pietatis
704 2431 809 2508 imago,

179 2529 207 2572 at
221 2533 332 2572 ramum
346 2513 426 2571 hunc
435 2509 578 2590 '—-aperit
591 2531 713 2582 ramum,
729 2512 779 2590 qui
794 2527 872 2572 veste
887 2511 1036 2572 latebat-

159 2591 350 2670 ‘adgnoscas’
392 2592 502 2653 tumida
516 2613 553 2652 cx
567 2593 608 2652 ira
623 2607 687 2652 tum
701 2593 785 2652 corda
799 2593 936 2652 residunt.

178 2695 232 2733 nec
247 2675 329 2752 plura
343 2675 398 2736 his.
439 2675 489 2734 ille
504 2674 647 2736 admirans
662 2674 827 2733 venerabile
841 2674 950 2732 donum

179 2755 272 2816 fatalis
286 2755 393 2833 virgae,
407 2755 494 2833 longo
508 2772 571 2833 post
585 2770 715 2848 tempore
729 2755 832 2826 visum,

178 2838 341 2896 caeruleam
356 2837 477 2896 advertit
491 2837 611 2914 puppim
626 2837 764 2914 ripaeque
778 2835 962 2913 propinquat.
1007 2865 1045 2902 ιω

178 2917 246 2975 inde
261 2917 331 2976 alias
345 2917 464 2987 animas,
479 2936 553 2996 quae
568 2937 618 2994 per
632 2917 700 2993 iuga
715 2917 800 2992 longa
815 2915 962 2987 sedebant,

176 2996 318 3090 deturbat,
335 2998 470 3075 laxatque
484 2997 580 3058 foros:
601 2997 686 3056 simul
702 2995 809 3074 accipit
824 2997 905 3056 alveo

177 3076 326 3154 ingentem
339 3077 470 3137 Aenean
511 3077 624 3171 gemuit
635 3077 689 3136 sub
702 3077 831 3154 pondere
845 3077 951 3137 cumba

178 3157 280 3229 rutilis,
295 3172 325 3217 et
339 3158 460 3218 multam
475 3157 588 3236 accepit
602 3158 705 3216 rimosa
721 3157 865 3234 paludem.

178 3239 295 3298 tandem
310 3254 387 3298 trans
402 3237 522 3298 fluvium
536 3239 696 3298 incolumes
711 3254 863 3318 vatemque
878 3239 1031 3317 virumque

177 3318 295 3378 informi
310 3319 382 3380 limo
396 3321 555 3398 glaucaque
570 3319 688 3396 exponit
702 3319 733 3378 in
749 3320 826 3379 ulva.

524 3412 570 3476 383
588 3421 655 3463 terra.
