2558 4112
237 433 268 484 86
506 433 533 482 P.
551 432 695 481 VERGILI
712 433 870 482 MARONIS

277 580 319 624 ter
333 563 445 642 liquido
459 564 610 622 ardentem
624 563 753 640 perfudit
768 578 885 622 nectare
899 563 1030 636 Vestam,

277 661 321 706 ter
335 645 449 703 flamma
463 644 499 703 ad
514 663 659 703 summum
674 645 743 703 tecti
759 645 887 704 subiecta
901 644 1018 704 reluxit.

276 727 374 785 omine
389 747 447 804 quo
461 725 576 784 firmans
591 725 721 784 animum
736 725 776 784 sic
791 725 897 803 incipit
911 725 987 803 ipss:

256 815 319 866 ‘est
333 807 363 865 in
381 807 537 884 Carpathio
552 806 686 884 Neptuni
702 807 811 882 gurgite
825 822 911 878 vates,

276 889 424 948 caeruleus
440 889 567 960 Proteus,
584 907 720 962 magnum
734 887 783 966 qui
798 886 923 964 piscibus
938 908 1044 967 aequor

277 985 306 1028 et
321 970 421 1027 iuncto
436 968 575 1046 bipedum
589 989 674 1027 curru
689 968 809 1027 metitur
824 988 973 1047 equorum.

275 1051 323 1109 hic
340 1069 418 1108 nunc
434 1049 586 1107 Emathiae
601 1064 698 1126 portus
713 1048 892 1127 patriamque
906 1049 1004 1108 revisit
1104 1078 1143 1118 ³90

278 1131 439 1200 Pallenen;
460 1132 539 1189 hunc
556 1144 584 1188 et
599 1130 755 1207 Nymphae
770 1149 939 1188 veneramur
954 1146 983 1190 et
997 1129 1057 1207 ipse

276 1213 454 1288 grandaevus
470 1212 603 1280 Nereus;
625 1210 706 1268 novit
721 1230 845 1288 namque
860 1209 958 1269 omnia
972 1225 1060 1282 vates,

276 1313 350 1370 quae
366 1293 433 1363 sint,
443 1312 518 1370 quae
532 1291 650 1362 fuerint,
666 1311 741 1369 quae
755 1311 822 1350 mox
836 1305 958 1350 ventura
975 1294 1143 1364 trahantu13

277 1373 386 1451 quippe
401 1373 440 1431 ita
454 1373 597 1450 Neptuno
611 1372 704 1430 visum
720 1388 772 1445 est,
787 1372 918 1431 inmania
932 1372 1012 1431 cuius

277 1468 405 1512 armenta
420 1468 450 1512 et
464 1469 562 1531 turpes
576 1453 668 1532 pascit
683 1454 734 1511 sub
749 1453 860 1530 gurgite
873 1455 990 1531 phocas.

276 1535 325 1593 hic
342 1534 404 1606 tibi,
420 1550 496 1606 nate,
511 1534 590 1612 prius
605 1534 711 1592 vinclis
726 1534 893 1611 capiendus,
907 1550 940 1593 ut
954 1553 1072 1592 omnem

278 1615 414 1694 expediat
428 1616 519 1673 morbi
536 1635 650 1673 causam
667 1631 844 1693 eventusque
858 1616 1007 1674 secundet.

276 1717 345 1754 nam
360 1696 421 1754 sine
435 1695 464 1753 vi
479 1716 538 1753 non
554 1696 613 1753 ulla
629 1695 709 1754 dabit
723 1711 886 1774 praecepta,
901 1715 997 1773 neque
1012 1695 1097 1754 illum

276 1777 385 1836 orando
399 1777 516 1847 flectes;
537 1776 598 1834 vim
613 1777 715 1834 duram
731 1792 760 1834 et
774 1776 891 1835 vincula
905 1791 990 1853 capto

277 1858 385 1929 tende3
406 1858 465 1916 doli
481 1858 591 1916 circum
606 1859 677 1916 haec
693 1858 812 1916 demum
827 1858 997 1933 frangentur
1011 1856 1122 1915 inanes.

277 1939 337 2016 ipsa
354 1959 405 2014 ego
421 1955 459 2010 te,
474 1939 585 1997 medios
601 1959 668 1997 curn
684 1938 724 1996 sol
738 1937 905 1997 accenderit
920 1953 1023 2008 aestus,
1107 1967 1144 2005 401
1193 1963 1202 1980 ·

277 2040 344 2078 curn
359 2019 461 2078 sitiunt
475 2020 579 2076 herbae
595 2034 624 2076 et
638 2019 737 2097 pecori
752 2019 810 2078 iam
824 2018 929 2095 gratior
943 2019 1044 2077 umbra
1056 2035 1110 2088 est,

277 2099 310 2162 in,
323 2114 432 2158 secreta
446 2100 521 2158 senis
536 2100 649 2171 ducam,
666 2121 723 2178 quo
738 2100 826 2158 fessus
841 2099 876 2158 ab
891 2099 975 2158 undis

277 2201 307 2238 sc
321 2180 433 2258 recipit,
449 2180 535 2238 facile
550 2197 582 2239 ut
596 2201 698 2239 somno
713 2180 876 2256 adgrediare
891 2181 1044 2240 iacentem.

275 2282 377 2320 verum
392 2261 441 2319 ubi
457 2278 622 2339 correptum
638 2261 769 2320 manibus
783 2262 945 2340 vinclisque
961 2261 1083 2334 tenebis,

277 2357 340 2400 tum
354 2343 449 2401 variae
465 2343 585 2401 eludent
600 2342 709 2420 species
724 2357 809 2420 atquc
824 2364 872 2400 ora
887 2343 1023 2401 ferarum.

247 2471 250 2480 ,
278 2423 328 2482 fiet
344 2423 422 2482 enim
438 2422 531 2482 subito
545 2445 590 2482 sus
605 2424 736 2483 horridus
751 2439 866 2502 atraque
882 2423 960 2499 tigris

277 2525 499 2583 squamosusque
515 2504 602 2562 draco
618 2520 648 2562 et
662 2505 741 2562 fulva
756 2504 869 2562 cervice
884 2505 995 2576 leaena,

278 2601 327 2644 aut
342 2605 436 2644 acrem
451 2585 583 2644 flammae
598 2585 724 2644 sonitum
739 2585 820 2644 dabit
834 2601 920 2663 atquc
935 2585 974 2644 ita
988 2582 1093 2642 vinclis

279 2665 403 2739 excidet,
419 2667 513 2724 autin
528 2687 614 2743 aquas
629 2681 729 2724 tenues
744 2666 869 2744 dilapsus
885 2665 984 2725 abibit.
1107 2693 1148 2732 410

278 2747 328 2804 sed
341 2763 451 2825 quanto
466 2747 518 2804 ille
533 2747 620 2822 magis
636 2748 741 2804 formas
756 2767 785 2804 se
799 2761 892 2805 vertet
906 2746 936 2804 in
952 2767 1064 2816 omnes,

278 2842 336 2885 tam
352 2842 394 2898 tu,
408 2843 486 2899 nate,
502 2827 588 2903 magis
604 2829 748 2886 contende
763 2827 876 2886 tenacia
891 2826 995 2898 vincla,

278 2907 371 2967 donec
388 2908 451 2967 talis
467 2908 521 2967 erit
536 2923 648 2967 mutato
664 2929 792 2986 corpore,
808 2908 922 2986 qualem

277 2988 391 3060 videris,
407 2989 525 3067 incepto
540 3004 649 3064 tegeret
664 3009 731 3048 cum
747 2989 859 3048 lumina
873 2985 994 3049 somno?

277 3069 349 3126 haec
364 3069 404 3128 ait
419 3086 448 3128 et
463 3070 608 3148 liquidum
623 3070 779 3128 ambrosiae
794 3068 934 3134 diffundit
947 3068 1077 3139 odorem,

277 3169 335 3226 quo
351 3165 444 3208 toturn
460 3150 520 3209 nati
535 3172 638 3229 corpus
653 3149 808 3228 perduxit3
829 3149 915 3208 atilli

277 3229 371 3288 dulcis
386 3231 552 3308 compositis
566 3232 684 3310 spiravit
699 3230 826 3290 crinibus
842 3251 918 3304 aura,

277 3325 363 3388 atquc
377 3311 481 3369 habilis
495 3312 629 3371 membris
643 3312 725 3371 venit
738 3311 827 3388 vigor.
871 3326 913 3370 est
927 3331 1029 3388 specus
1044 3309 1147 3384 ingens

277 3391 353 3449 exesi
370 3391 459 3450 latere
473 3392 504 3450 in
519 3393 636 3466 montis,
652 3414 710 3471 quo
723 3391 849 3470 plurima
862 3409 953 3451 vento

351 3485 398 3547 384
415 3486 540 3547 perfundit.
606 3501 655 3548 400
671 3489 819 3549 franguntur.
886 3500 934 3548 412
953 3493 1028 3532 tanto.
