2558 4112
512 396 540 444 Ρ.
556 395 701 443 VERGlLI
718 393 877 442 MARONIS

278 542 341 587 tum
355 526 474 584 demum
490 545 581 583 crassa
597 545 733 601 magnum
749 525 890 600 farragine
904 545 1007 603 corpus

278 627 406 666 crescere
421 605 478 665 iam
493 605 609 664 domitis
625 605 734 664 sinito:
756 626 882 683 namque
893 621 960 664 ante
972 607 1148 668 domandum

277 689 410 764 ingentes
426 687 533 745 tollent
547 687 658 745 animos
673 686 827 764 prensique
842 687 989 763 negabunt

278 769 396 828 verbera
409 767 489 826 lenta
504 767 563 845 pati
579 783 609 826 et
624 768 702 826 duris
716 787 812 845 parere
827 767 942 845 lupatis.

318 850 368 907 sed
383 869 441 906 non
457 849 516 906 ulla
531 848 620 924 magis
636 849 709 908 vires
724 848 865 907 industria
880 848 985 922 firmat,

277 951 364 1024 quam
378 931 527 989 Venerem
543 945 572 988 et
587 930 667 988 caeci
683 929 813 988 stimulos
828 945 955 988 avertere
970 931 1083 1003 amoris,

278 1011 336 1070 sive
352 1011 474 1069 boum
454 1031 514 1069 srve
530 1026 572 1069 est
587 1011 635 1069 cui
650 1011 756 1086 gratior
771 1031 836 1069 usus
851 1031 999 1088 equorum.

278 1107 362 1170 atquc
376 1092 443 1150 ideo
458 1106 554 1150 tauros
570 1092 673 1169 procul
689 1107 775 1170 atque
790 1091 821 1148 in
837 1092 895 1150 sola
909 1092 1039 1168 relegant

277 1194 381 1251 pascua
394 1187 457 1250 post
471 1189 605 1232 montem
621 1172 786 1251 oppositum
801 1188 830 1231 et
844 1187 921 1230 trans
935 1171 1057 1231 flumina
1071 1173 1137 1244 lata,

278 1271 327 1314 aut
341 1254 421 1312 intus
435 1254 546 1312 clausos
562 1270 656 1314 satura
673 1254 709 1312 ad
723 1252 870 1332 praesepia
884 1268 1005 1313 servant.

278 1335 370 1413 carpit
384 1335 463 1393 enirn
478 1335 551 1392 vires
566 1334 707 1411 paulatim
724 1334 838 1412 uritque
852 1334 978 1393 videndo

278 1416 395 1486 femina,
411 1435 466 1473 nec
483 1436 636 1473 nemorum
651 1415 763 1493 patitur
777 1415 944 1474 meminisse
959 1436 1013 1474 nec
1027 1417 1134 1475 herbae

277 1496 409 1555 dulcibus
424 1495 475 1553 illa
490 1496 610 1574 quidem
625 1496 792 1568 inlecebris,
808 1510 837 1555 et
851 1517 934 1574 saepe
949 1498 1085 1574 superbos

278 1577 412 1635 cornibus
428 1576 505 1634 inter
520 1597 549 1635 se
565 1577 671 1652 subigit
686 1577 842 1636 decernere
856 1591 994 1636 amantes.

277 1657 404 1736 pascitur
418 1657 449 1714 in
465 1678 569 1732 magna
586 1657 645 1716 Sila
661 1658 785 1716 formosa
798 1658 942 1718 iuvenca:

277 1738 323 1796 illi
337 1739 511 1797 alternantes
527 1739 621 1796 multa
636 1739 663 1796 vi
679 1739 789 1817 proelia
803 1739 927 1798 miscent
1110 1768 1149 1797 aso

277 1819 443 1877 vulneribus
459 1819 564 1878 crebris
578 1844 587 1890 ;
610 1819 681 1878 lavit
696 1835 757 1879 ater
771 1840 890 1898 corpora
905 1819 1025 1895 sanguis,
1117 1841 1121 1852 ‘

277 1920 413 1978 versaque
428 1900 459 1958 in
475 1901 598 1959 obnixos
615 1918 775 1976 urguentur
789 1922 897 1960 cornua
912 1917 989 1960 vasto

277 2001 344 2039 cum
359 1981 469 2058 gemitu
482 2007 492 2052 3
513 1979 637 2040 reboant
653 1983 799 2060 silvaeque
815 1998 843 2041 et
858 1982 958 2058 longus
974 1982 1130 2060 Olympus.

277 2080 332 2120 nec
347 2081 409 2120 mos
424 2062 566 2120 bellantes
583 2083 641 2120 una
656 2064 807 2156 stabulare,
821 2063 870 2121 sed
885 2064 957 2122 alter

276 2141 370 2201 victus
385 2141 445 2200 abit
460 2142 627 2235 longeque'
616 2144 726 2237 ignotis
741 2144 852 2203 exsulat
867 2143 931 2216 oris,

277 2223 368 2281 multa
382 2242 499 2298 gemens
514 2223 703 2318 ignominiam
718 2224 869 2304 plagasque
884 2225 997 2304 superbi

276 2303 400 2375 victoris,
417 2320 487 2374 tum,
505 2326 574 2384 quos
591 2306 683 2365 amisit
697 2306 820 2399 inultus·
832 2327 958 2400 amqres3

277 2399 306 2443 et
319 2385 429 2443 stabula
445 2401 593 2462 aspectans
608 2387 701 2462 regnis
716 2386 835 2446 excessit
850 2386 940 2446 avitis.

277 2485 343 2540 ergo
357 2465 436 2524 omni
452 2486 521 2524 cura
537 2467 609 2526 vires
624 2484 739 2526 exercet
753 2483 782 2526 et
796 2467 872 2525 inter

276 2546 435 2606 dura1acet
450 2547 554 2624 pernix
569 2547 688 2607 instrato
703 2568 767 2605 saxa
781 2546 883 2618 cubili,

277 2625 425 2686 frondibus
440 2628 556 2687 hirsutis
572 2645 600 2688 et
615 2629 708 2687 carice
721 2643 816 2706 pastus
830 2644 921 2697 acuta,

277 2723 306 2766 et
321 2722 442 2787 temptat
457 2729 525 2782 sese,
541 2725 626 2788 atque
641 2707 721 2766 irasci
736 2707 767 2766 in
782 2730 889 2767 cornua
902 2707 987 2767 discit

278 2789 382 2848 arboris
397 2791 521 2849 obnixus
536 2806 648 2862 trunco,
664 2805 820 2868 ventosque
836 2788 947 2848 lacessit

278 2869 392 2942 ictibus,
408 2887 437 2930 et
452 2892 543 2949 sparsa
558 2871 593 2928 ad
606 2890 733 2964 pugnam
747 2870 874 2949 proludit
888 2873 1003 2930 harena.

277 2966 342 3028 post
356 2951 405 3010 ubi
421 2953 579 3012 collectum
593 2951 720 3010 robur
693 2972 823 3032 vrresque
838 2951 970 3024 refectae,

278 3031 358 3106 signa
370 3049 477 3106 movet,
492 3053 685 3126 praecepsque
699 3033 822 3092 oblitum
837 3033 948 3092 fertur
940 3054 971 3091 ιιι
986 3034 1117 3102 hostem;

278 3111 383 3172 fluctus
398 3113 450 3188 uti,
465 3115 561 3174 medio
576 3114 672 3193 coepit
686 3134 754 3172 cum
769 3114 911 3174 albescere
925 3129 1025 3192 ponto,

278 3193 391 3268 longius
406 3216 441 3253 ex
457 3196 607 3275 altoque
587 3217 682 3255 srnum
696 3195 791 3268 trahit,
807 3212 896 3275 utque
911 3195 1025 3254 volutus

279 3274 315 3331 ad
330 3290 414 3334 terras
430 3276 547 3336 inmane
562 3295 642 3338 sonat
655 3299 707 3358 per
721 3299 795 3348 saxa,
811 3297 906 3356 neque
920 3276 982 3356 ipso

376 3397 422 3445 223
435 3399 540 3445 magnus.
608 3399 656 3447 230
673 3401 767 3448 pernox.
834 3396 880 3448 235
898 3392 1008 3447 receptae.

582 3463 629 3512 237
646 3459 673 3498 ut
684 3451 709 3498 in
720 3450 805 3500 medio.
