2556 4116
518 325 544 373 P.
565 323 706 372 VERGILI
723 324 881 373 MARONIS

285 450 320 510 de
335 453 416 510 caelo
431 467 519 510 tactas
535 453 656 512 memini
671 453 835 530 praedicere
850 474 981 533 quercus.
1036 463 1038 468 '

285 533 334 590 sed
349 550 445 591 tamen
461 533 513 592 iste
529 535 597 592 deus
613 535 661 612 qui
677 535 713 593 sit
727 535 772 606 da,
787 535 901 612 Tityre,
918 536 1008 596 nobis.

330 613 363 673 Τ.
386 615 496 685 urbem,
510 636 596 692 quam
611 615 714 673 dicunt
729 616 861 688 Romam,
879 616 1039 688 Meliboee,
1053 617 1151 695 putavi

284 695 388 753 stultus
403 715 455 770 ego
469 696 538 754 huic
553 711 666 754 nostrae
682 696 816 766 similem,
828 718 886 774 quo
900 718 982 774 saepe
993 699 1118 757 solemus
1127 729 1153 756 a>

282 791 407 853 pastores
422 776 519 834 ovium
535 794 647 835 teneros
661 777 808 854 depellere
823 778 907 837 fetus.

283 856 322 914 sic
338 857 456 914 canibus
471 858 582 915 catulos
596 857 713 928 similes,
729 857 769 916 sic
785 858 922 917 matribus
938 860 1042 918 haedos

282 957 392 1008 noram,
408 937 447 995 sic
462 938 555 1014 parvis
570 958 744 1014 componere
758 959 862 1014 magna
876 940 1011 999 solebam.

282 1037 383 1077 verum
397 1019 467 1076 haec
483 1033 596 1077 tantum
611 1019 679 1076 alias
694 1019 771 1078 inter
785 1035 871 1097 caput
887 1021 991 1078 extulit
1006 1021 1098 1090 urbes,

282 1115 423 1177 quantum
438 1100 516 1157 lenta
530 1100 624 1158 solent
638 1100 714 1158 inter
728 1100 850 1158 viburna
864 1100 999 1178 cupressi.

325 1181 371 1239 M.
393 1196 421 1237 et
435 1201 509 1258 quae
525 1197 604 1240 tanta
618 1181 674 1238 fuit
690 1181 812 1239 Romam
829 1181 881 1239 tibi
897 1202 981 1240 causa
996 1183 1137 1241 videndi?

326 1261 360 1319 T.
382 1261 506 1331 libertas,
521 1282 594 1339 quae
609 1282 668 1319 sera
682 1278 780 1320 tamen
795 1262 921 1339 respexit
935 1263 1069 1334 inertem,

281 1340 429 1399 candidior
442 1356 593 1418 postquam
609 1342 741 1399 tondenti
757 1342 843 1400 barba
857 1343 987 1413 cadebat,

280 1422 405 1499 respexit
419 1437 517 1479 tamen
532 1437 560 1479 et
575 1423 663 1496 longo
677 1438 740 1498 post
755 1437 884 1499 tempore
899 1423 990 1494 venit,

280 1519 431 1580 postquam
447 1522 497 1559 nos
512 1502 668 1578 Amaryllis
683 1502 777 1572 habet,
795 1503 917 1561 Galatea
931 1504 1059 1581 reliquit.
1124 1535 1150 1572 30
1206 1537 1210 1548 ·

281 1603 415 1660 namque,
429 1583 540 1640 fatebor
555 1583 644 1654 enim,
659 1582 728 1642 dum
744 1603 791 1642 me
807 1583 930 1641 Galatea
944 1585 1069 1657 tenebat,

280 1683 334 1722 nec
350 1684 412 1756 spes
427 1663 565 1723 libertatis
580 1679 640 1722 erat
655 1684 709 1722 nec
725 1685 793 1722 cura
806 1663 914 1741 peculi.

280 1744 409 1822 quamvis
425 1745 516 1802 multa
531 1744 602 1802 meis
619 1745 709 1804 exiret
723 1744 841 1803 victima
857 1745 968 1822 saeptis,

279 1825 394 1901 pinguis
410 1841 439 1883 et
454 1824 580 1901 ingratae
596 1841 775 1902 premeretur
790 1845 887 1883 caseus
901 1825 975 1897 urbi,

279 1925 339 1963 non
355 1925 493 1983 umquam
507 1906 598 1981 gravis
614 1926 678 1984 aere
693 1906 812 1964 domum
828 1906 899 1964 milri
914 1907 1015 1966 dextra
1026 1907 1147 1966 redibat.

322 1988 367 2045 M.
389 1986 511 2044 mirabar
526 1986 596 2065 quid
610 2003 718 2044 maesta
733 1987 810 2059 deos,
825 1987 976 2063 Amarylli,
992 2008 1105 2046 vocares
1118 2013 1127 2058 ;

279 2087 327 2125 cur
319 2066 466 2160 pendere
482 2087 531 2124 sua
545 2066 679 2145 patereris
695 2067 725 2124 in
742 2068 841 2126 arbore
855 2087 957 2145 poma:

280 2147 400 2224 Tityrus
414 2139 483 2206 hinc
500 2148 605 2207 aberat.
648 2147 724 2225 ipsae
740 2164 776 2218 te,
794 2148 951 2224 Tityre,
921 2169 1016 2226 pmus,

279 2227 332 2306 ipsi
348 2244 376 2287 te
391 2229 519 2300 fontes,
511 2250 571 2307 ipsa
585 2231 655 2287 haec
672 2229 784 2288 arbusta
797 2231 948 2290 vocabant.

323 2310 356 2370 T.
372 2310 442 2388 quid
454 2310 598 2368 facerem?
613 2315 709 2388 neque
721 2310 837 2368 servitio
848 2331 895 2368 me
907 2311 986 2368 exire
998 2311 1105 2370 licebat
1121 2343 1148 2380 40

278 2412 332 2449 nec
348 2407 407 2450 tam
421 2406 584 2468 praesentes
600 2390 668 2450 alibi
685 2411 855 2466 cognoscere
870 2391 959 2450 divos.

277 2471 325 2530 hic
341 2472 425 2531 illum
440 2472 499 2530 vidi
515 2472 661 2544 iuvenem,
679 2472 840 2542 Meliboee,
855 2472 1008 2549 quotannis

277 2552 319 2610 bis
335 2573 417 2613 senos
432 2553 478 2611 cui
496 2569 589 2611 nostra
604 2553 665 2610 dies
680 2552 777 2610 altaria
789 2553 915 2617 fumant.

277 2633 324 2690 hic
340 2634 412 2691 mihi
426 2654 595 2711 responsum
609 2633 719 2710 primus
734 2633 813 2691 dedit
828 2633 879 2691 ille
892 2634 1026 2711 petenti:

257 2713 381 2791 ‘pascite
396 2731 429 2774 ut
444 2732 508 2773 ante
525 2715 622 2784 boves,
636 2713 718 2791 pueri
732 2737 742 2781 ς
763 2714 924 2772 submittite
940 2715 1050 2773 tauros?

320 2795 365 2854 M.
388 2796 532 2854 fortunate
549 2815 645 2867 senex,
662 2816 728 2870 ergo
743 2812 792 2854 tua
805 2816 869 2852 rura
883 2795 1052 2867 manebunt,

277 2891 306 2933 et
321 2875 373 2933 tibi
389 2896 493 2952 magna
507 2875 582 2935 satis.
626 2876 755 2954 quamvis
770 2876 842 2954 lapis
856 2876 954 2934 omnia
970 2876 1063 2934 nudus

276 2955 436 3034 limosoque
451 2957 531 3035 palus
547 2957 673 3016 obducat
687 2978 792 3035 pascua
805 2957 903 3028 iunco,

276 3056 335 3094 non
351 3036 463 3095 insueta
478 3058 575 3113 graves
591 3039 776 3115 temptabunt
789 3038 895 3116 pabula
909 3038 990 3109 fetas,

277 3138 330 3176 nec
346 3118 422 3176 mala
437 3117 526 3177 vicini
541 3119 653 3197 pecoris
669 3119 799 3194 contagia
813 3119 937 3178 laedent.

276 3198 419 3257 fortunate
434 3219 532 3272 senex,
547 3200 595 3258 hic
611 3200 686 3258 inter
700 3199 820 3258 flumina
834 3215 902 3258 nota

276 3295 305 3338 et
320 3280 413 3339 fontes
427 3301 518 3339 sacros
533 3280 620 3356 frigus
635 3281 761 3357 captabis
777 3301 910 3358 opacum.

223 3409 228 3422 .
244 3381 250 3390 ‘
275 3360 345 3419 hinc
361 3361 422 3432 tibi,
438 3381 510 3440 quae
526 3381 644 3438 semper,
660 3360 757 3420 vicino
772 3361 806 3420 ab
821 3360 915 3420 limite
930 3381 1027 3439 saepes
