2568 4114
415 332 583 382 nsnnnos
601 333 665 384 ms.
682 336 709 383 v
984 349 1028 398 ¹93

163 463 343 542 Hyrtacidae
358 478 426 523 ante
440 485 541 524 omnes
556 465 616 525 exit
631 468 712 526 locus
727 467 962 561 Hippocoontis,

162 564 251 625 quem
266 544 353 603 modo
367 546 463 604 navali
479 547 655 606 Mnestheus
669 549 828 607 certamine
842 549 935 608 victor

162 625 360 704 consequitur,
374 625 459 686 viridi
476 628 651 687 Mnestheus
666 629 798 688 evinctus
812 629 852 687 oli
843 651 907 700 va;

162 705 265 764 tertius
281 706 432 784 Eurytion,
448 722 525 781 tuus,
540 730 559 766 o
573 709 740 782 clarissime,
755 711 853 782 frater,

162 786 304 859 Pandare,
319 787 369 866 qui
384 789 542 867 quondam,
557 789 649 848 iussus
664 791 845 849 confundere
860 791 971 865 foedus,

103 905 105 910 -
161 867 193 926 in
208 867 318 926 medios
334 868 427 926 telum
442 869 548 928 torsisti
563 871 673 948 primus
686 871 824 930 Achivos.

161 962 307 1006 extremus
305 949 483 1041 galeaque
475 971 533 1008 una
548 951 677 1010 subsedit
690 953 818 1024 Acestes,

84 1081 87 1089 .
161 1048 245 1086 ausus
260 1044 289 1088 et
303 1029 364 1106 ipse
379 1049 468 1088 manu
483 1030 624 1090 iuvenum
639 1047 782 1110 temptare
796 1033 934 1092 laborem.
1060 1086 1063 1094 ,

161 1124 224 1168 tum
238 1109 341 1168 validis
355 1109 467 1168 flexos
460 1128 616 1171 rncurvant
630 1113 739 1172 viribus
754 1134 836 1172 arcus
992 1143 1030 1181 500

160 1210 213 1282 pro
227 1210 257 1248 se
271 1190 394 1270 quisque
408 1191 472 1264 viri,
488 1207 518 1250 et
532 1193 710 1270 depromunt
724 1195 782 1251 tela
796 1194 947 1272 pharetris.

159 1270 311 1350 primaque
325 1291 378 1349 per
392 1272 507 1331 caelum
523 1293 612 1331 nervo
626 1274 768 1332 stridente
783 1275 885 1350 sagitta

160 1351 364 1428 Hyrtacidae
355 1352 468 1411 ruvenis
482 1353 615 1412 volucres
629 1355 793 1414 diverberat
807 1376 908 1425 auras;

160 1445 190 1490 et
204 1432 294 1504 venit,
310 1432 480 1513 adversique
494 1433 625 1510 infigitur
639 1437 740 1494 arbore
755 1436 834 1495 mali.

160 1513 312 1572 intremuit
326 1514 465 1608 malus,
444 1515 601 1594 nmuitque
617 1516 753 1574 exterrita
767 1516 865 1594 pinnis

160 1594 227 1666 ales,
242 1607 272 1652 et
286 1593 398 1670 ingenti
414 1613 574 1654 sonuerunt
589 1597 687 1656 omnia
702 1598 815 1689 plausu.

159 1689 224 1751 post
238 1695 304 1733 acer
319 1675 494 1735 Mnestheus
509 1677 636 1736 adducto
651 1677 784 1737 constitit
798 1698 875 1750 arcu,

159 1755 218 1813 alta
232 1771 345 1834 petens,
360 1757 526 1835 pariterque
541 1758 640 1816 oculos
655 1758 805 1835 telumque
821 1758 966 1817 tetendit:

160 1850 202 1894 ast
216 1835 308 1914 ipsam
322 1837 502 1895 miserandus
518 1857 601 1895 avem
615 1837 785 1912 contingere
801 1838 877 1896 ferro

159 1935 220 1974 non
234 1917 346 1990 valuit3
367 1916 458 1975 nodos
474 1932 503 1974 et
518 1917 636 1975 vincula
651 1916 729 1975 linea
744 1917 832 1995 rupit,
989 1948 1027 1988 510

158 1996 223 2075 quis
237 1997 346 2055 innexa
360 1996 465 2074 pedem
479 1997 556 2054 malo
569 1997 717 2075 pendebat
733 1999 768 2056 ab
783 1999 860 2058 alto:

158 2076 210 2136 illa
225 2077 320 2135 Notos
336 2089 422 2154 atque
438 2091 498 2134 atra
512 2077 635 2134 volans
627 2098 659 2135 ιιι
674 2079 774 2137 nubila
788 2080 872 2156 fugit.

158 2173 222 2216 tum
237 2156 363 2234 rapidus,
378 2155 549 2216 iamdudum
564 2177 632 2216 arcu
648 2174 786 2218 contenta
800 2177 901 2238 parato

157 2238 216 2297 tela
232 2252 344 2309 tenens,
360 2237 479 2296 fratrem
494 2237 659 2315 Eurytion
651 2259 683 2297 ιιι
697 2254 765 2297 vota
778 2241 903 2313 vocavit,

157 2319 215 2377 iam
230 2337 323 2377 vacuo
337 2318 443 2378 laetam
457 2317 538 2376 caelo
553 2320 727 2396 speculatus,
743 2335 772 2378 et
787 2321 838 2379 alis

157 2397 392 2476 plaudentem
363 2419 444 2475 nrgra
458 2398 520 2474 figit
534 2400 587 2459 sub
603 2400 681 2459 nube
697 2401 872 2461 columbam.

158 2479 268 2539 decidit
283 2479 433 2552 exanimis,
447 2479 596 2558 vitamque
612 2481 732 2559 reliquit
745 2481 777 2540 in
792 2481 873 2540 astris

157 2559 302 2633 aetheriis,
317 2560 463 2638 fixamque
477 2561 566 2620 refert
580 2562 697 2640 delapsa
712 2561 853 2638 sagittam.

158 2640 259 2699 amissa
273 2641 349 2699 solus
363 2641 459 2719 palma
474 2643 627 2720 superabat
640 2644 779 2702 Acestes:

157 2720 207 2798 qui
223 2736 321 2779 tamen
336 2720 424 2780 aerias
439 2721 531 2780 telum
546 2723 721 2800 contendit
713 2744 744 2782 ιιι
760 2745 850 2796 auras,
986 2753 1024 2792 ιω

157 2816 305 2860 ostentans
320 2818 469 2881 artemque
483 2819 566 2880 pater
580 2824 737 2882 arcumque
752 2820 913 2864 sonantem.

156 2881 205 2940 hi'c
220 2881 312 2940 oculis
327 2882 456 2941 subitum
471 2883 598 2942 obicitur
612 2904 774 2977 magnoque
789 2886 921 2944 futurum

157 2962 276 3037 augurio
291 2979 470 3022 monstrum:
492 2963 593 3022 docuit
606 2981 671 3042 post
687 2965 780 3024 exitus
795 2965 907 3041 ingens,

157 3061 275 3121 seraque
292 3043 408 3102 terrifici
424 3043 595 3102 cecinerunt
610 3044 708 3104 omina
722 3061 813 3106 vates.

157 3141 282 3215 namque
296 3124 396 3182 volans
411 3123 552 3202 liquidis'
544 3145 575 3182 ιιι
590 3125 717 3184 nubibus
732 3126 799 3184 arsit
813 3126 954 3201 harundo,

156 3202 336 3282 signavitque
351 3203 428 3262 viam
442 3203 573 3277 flammis,
590 3220 749 3285 tenuesque
764 3207 880 3266 recessit

156 3299 327 3362 consumpta
342 3283 373 3342 in
387 3301 508 3344 ventos:
529 3286 610 3344 caelo
625 3306 678 3346 ceu
693 3307 777 3365 saepe
792 3288 881 3347 refixa

384 3390 431 3441 5²0
448 3377 567 3426 contorsit.
603 3391 649 3441 522
666 3380 750 3430 subito.

570 3461 588 3499 0
