2558 4112
416 359 583 409 Aruernos
601 361 665 410 nra.
682 361 722 409 tv
980 363 1023 425 167

161 503 191 548 et
203 491 306 566 procul
320 487 352 546 in
367 502 487 546 tenuem
503 508 537 545 ex
552 487 644 546 oculis
660 488 777 546 evanuit
792 510 898 549 auram.

201 584 230 628 at
244 590 315 628 vero
327 571 440 628 Aeneas
455 584 571 646 aspectu
586 567 733 627 obmutuit
747 589 855 642 amens,

160 662 343 728 arrectaeque
357 650 473 707 horrore
489 668 597 720 comae,
613 665 642 708 et
656 669 712 706 vor
727 647 857 708 faucibus
872 651 973 710 haesit.
988 669 1027 711 280

160 730 241 788 ardet
255 729 333 788 abire
347 728 413 804 fuga
428 729 585 821 dulcesque
600 727 764 807 relinquere
780 746 877 802 terras,

160 809 300 868 attonitus
315 824 397 868 tanto
412 809 525 868 monitu
540 809 720 887 rmperioque
735 811 864 870 deorum.

160 892 228 961 heu,
242 890 312 968 quid
326 893 408 965 agat?
430 911 487 968 quo
502 909 581 948 nunc
596 889 726 965 reginam
741 890 849 950 ambire
864 891 1009 952 furentem

160 970 264 1028 audeat
278 969 397 1029 adfatu?
418 990 491 1049 quae
505 970 597 1048 prima
613 971 729 1028 exordia
743 976 855 1030 sumat?

160 1066 246 1130 atque
261 1050 390 1109 animum
405 1070 484 1109 nunc
499 1053 556 1109 huc
572 1051 710 1122 celerem,
725 1072 803 1110 nunc
818 1051 923 1111 dividit
939 1052 1020 1126 illuc,

159 1131 192 1190 in
205 1146 356 1208 partesque
371 1131 445 1210 rapit
459 1131 548 1189 varias
563 1151 672 1210 perque
686 1131 784 1190 omnia
799 1149 901 1193 versat.

159 1214 231 1270 haec
246 1211 405 1269 alternanti
418 1210 515 1289 potior
529 1212 675 1271 sententia
689 1212 748 1270 visa
763 1228 823 1271 est:

161 1293 320 1350 Mnesthea
336 1292 558 1372 Sergestumque
573 1308 658 1351 vocat
672 1292 836 1370 fortemque
852 1295 1016 1354 Serestum:

156 1371 280 1432 vclassem
294 1387 396 1450 aptent
412 1372 490 1431 taciti
506 1372 655 1452 sociosque
670 1373 706 1432 ad
720 1372 805 1431 litora
820 1390 943 1450 cogant3

161 1474 238 1512 arma
252 1469 364 1531 parent,
381 1469 419 1525 et,
435 1473 508 1531 quae
523 1453 608 1512 rebus
622 1453 658 1512 sit
673 1474 757 1512 causa
773 1455 925 1526 novandis,
989 1485 1028 1526 290

160 1534 361 1593 dissimulent:
383 1555 444 1592 sese
459 1533 580 1606 interea,
596 1534 713 1614 quando
727 1533 836 1612 optima
851 1535 930 1594 Dido

161 1615 279 1687 nesciat,
299 1630 328 1673 et
342 1630 435 1674 tantos
450 1614 545 1694 rumpi
561 1635 620 1673 non
636 1631 731 1693 speret
746 1636 864 1685 amores,

161 1711 370 1774 temptaturum
385 1695 487 1768 aditus,
503 1710 533 1754 et
547 1715 621 1774 quae
636 1695 805 1754 mollissima
819 1695 901 1754 fandi

161 1793 300 1855 tempora,
316 1776 378 1855 quis
393 1776 478 1834 rebus
493 1776 596 1834 dexter
610 1776 722 1834 modus.
764 1775 843 1834 ocius
858 1797 959 1836 omnes

160 1857 283 1936 imperio
297 1857 366 1916 laeti
380 1871 493 1935 parent,
508 1876 540 1914 ac
555 1855 629 1912 iussa
644 1855 797 1914 facessunt.

201 1954 230 1998 at
244 1938 342 2015 regina
358 1935 545 2013 dolos-quis
563 1935 665 1993 fallere
678 1935 767 2013 possit
781 1951 928 1996 amantem
937 1942 994 1996 ἓ·-

159 2019 328 2098 praesensit,
344 2032 497 2095 motusque
513 2014 628 2093 excepit
641 2015 733 2093 prima
748 2017 869 2090 futuros,

159 2101 259 2159 omnia
273 2114 336 2158 tuta
351 2098 467 2156 timens.
510 2095 612 2154 eadem
626 2095 706 2174 inpia
720 2098 808 2156 Fama
822 2098 931 2158 furenti

159 2180 268 2239 detulit
283 2177 385 2236 armari
400 2176 520 2235 classem
535 2195 708 2254 cursumque
721 2178 824 2255 parari.

160 2260 251 2320 saevit
265 2259 348 2337 inops
363 2257 462 2330 animi,
477 2270 626 2335 totamque
640 2256 759 2315 incensa
772 2279 825 2335 per
838 2259 940 2318 urbem
988 2287 1028 2328 300

160 2342 337 2410 bacchatur;
357 2338 449 2418 qualis
465 2336 616 2397 commotis
632 2337 726 2396 excita
740 2338 825 2396 sacris

161 2421 283 2499 Thyias,
299 2419 348 2479 ubi
363 2419 463 2479 audito
477 2417 628 2477 stimulant
643 2417 788 2477 trieterica
803 2419 920 2478 Baccho

161 2501 246 2578 orgia,
262 2517 479 2580 nocturnusque
494 2515 579 2558 vocat
592 2499 719 2558 clamore
735 2498 904 2558 Cithaeron.

161 2583 280 2642 tandem
294 2582 339 2640 his
352 2583 474 2640 Aenean
489 2579 648 2657 compellat
662 2578 779 2638 vocibus
794 2579 892 2638 ultro:

202 2663 397 2722 ‘dissimulare
412 2662 499 2720 etiam
514 2660 642 2738 sperasti,
656 2659 776 2738 perfide,
791 2676 905 2719 tantum

159 2764 243 2822 posse
258 2743 348 2815 nefas,
364 2742 525 2821 tacitusque
540 2761 605 2800 mea
619 2740 762 2800 decedere
777 2745 869 2800 terra?

160 2838 261 2883 necte
276 2838 372 2881 noster
387 2843 474 2894 arnor,
490 2842 545 2880 nec
562 2836 591 2880 te
605 2821 672 2880 data
686 2821 806 2881 dextera
819 2822 975 2900 quondam,

161 2925 215 2964 nec
231 2903 369 2962 moritura
384 2919 466 2962 tenet
481 2901 592 2961 crudeli
608 2901 710 2961 funere
724 2901 823 2961 Dido?

160 2984 232 3063 quin
247 2983 334 3043 etiarn
347 2983 471 3042 hiberno
486 2982 593 3041 moliris
609 2982 701 3040 sidere
716 2982 846 3054 classem,

161 3080 190 3123 et
204 3064 307 3124 mediis
320 3085 454 3142 properas
468 3062 661 3141 Aquilonibus
676 3062 718 3120 ire
732 3083 785 3140 per
799 3063 900 3135 altum,
988 3093 1027 3132 310

160 3145 304 3204 crudelis?
325 3144 413 3222 quid?
435 3143 457 3202 si
473 3165 532 3202 non
547 3164 612 3201 arva
627 3143 720 3201 aliena
735 3143 891 3222 domosque

159 3224 270 3301 ignotas
285 3241 407 3303 peteres,
423 3239 452 3284 et
467 3224 558 3282 Troia
572 3222 690 3302 antiqua
704 3239 846 3295 maneret,

160 3306 252 3364 Troia
266 3327 319 3384 per
332 3306 476 3366 undosum
490 3319 637 3384 peteretur
650 3303 787 3364 classibus
801 3309 925 3383 aequor?

502 3412 548 3461 309
565 3396 651 3446 moliri.
