2562 4114
425 383 591 432 AENEIDOS
609 383 672 432 LIB.
690 382 742 430 XII
987 383 1031 447 361

174 514 263 573 imam
276 514 352 573 inter
365 513 472 588 galeam
487 507 591 572 summi
607 513 728 572 thoracis
743 527 772 571 et
786 507 846 571 oras

174 595 292 654 abstulit
306 614 373 652 ense
388 609 474 671 caput
488 609 683 672 truncumque
698 593 816 671 reliquit
829 595 960 653 harenae.

214 690 300 753 atque
314 695 346 733 ea
361 675 430 733 dum
445 675 551 752 campis
565 675 657 733 victor
671 674 719 732 dat
734 674 834 732 funera
850 675 979 745 Turnus,

174 756 285 814 interea
298 756 417 814 Aenean
433 755 605 814 Mnestheus
621 770 650 814 et
664 753 736 813 lidus
750 755 873 813 Achates

172 835 370 915 Ascaniusque
384 856 479 894 comes
494 836 590 894 castris
605 851 727 894 statuere
742 850 905 906 cruentum,

173 917 295 976 alternos
310 917 394 992 longa
409 916 551 976 nitentem
566 917 684 995 cuspide
698 935 815 992 gressus.

137 1065 139 1074 s
174 997 269 1069 saevit,
285 1011 314 1056 et
329 997 451 1057 infracta
467 997 593 1056 luctatur
606 997 768 1056 harundine
782 997 873 1056 telum

174 1079 294 1155 eripere,
309 1079 475 1156 auxilioque
490 1077 577 1149 viam,
590 1099 663 1156 quae
677 1078 817 1156 proxima,
830 1076 943 1155 poscit:

174 1179 241 1217 ense
256 1173 355 1217 secent
369 1159 427 1217 lato
441 1159 556 1230 vulnus,
571 1159 680 1237 telique
697 1159 834 1218 latebram

173 1239 337 1298 rescindant
350 1239 477 1316 penitus,
493 1259 609 1318 seseque
624 1239 654 1297 in
669 1240 745 1298 bella
759 1238 916 1298 remittant.
999 1267 1037 1306 ³90

166 1319 288 1397 fiamque
301 1320 400 1377 aderat
415 1319 533 1378 Phoebo
547 1334 614 1378 ante
628 1320 697 1378 alios
711 1319 834 1378 dilectus
848 1319 924 1396 Iapis

173 1399 289 1471 Iasides,
303 1400 360 1460 acri
375 1400 522 1478 quondam
537 1399 585 1458 cui
600 1415 699 1477 captus
714 1419 808 1461 amore

173 1480 233 1558 ipse
248 1501 310 1538 suas
324 1495 406 1554 artes,
423 1501 471 1556 sua
486 1501 615 1551 munera,
630 1481 720 1539 laetus
734 1480 842 1558 Apollo

172 1561 324 1636 augurium
338 1561 534 1639 citharamque
549 1560 633 1619 dabat
651 1560 814 1638 celeresque
829 1559 949 1634 sagittas.

172 1641 232 1714 ille,
248 1657 280 1699 ut
294 1641 415 1719 depositi
431 1642 570 1719 proferret
585 1641 642 1698 fata
656 1641 790 1718 parentis,

172 1721 242 1780 scire
256 1737 411 1799 potestates
425 1722 578 1780 herbarum
594 1741 734 1799 usumque
749 1720 884 1779 medendi

172 1802 274 1862 maluit
289 1818 319 1861 ct
331 1817 424 1860 mutas
440 1802 545 1876 agitare
562 1800 700 1874 inglorius
713 1816 794 1858 artes.

172 1882 263 1942 stabat
277 1882 377 1940 acerba
392 1882 529 1950 fremens,
544 1880 693 1953 ingentem
708 1879 793 1937 nixus
808 1879 840 1936 in
855 1880 973 1952 hastam,

171 1964 295 2032 Aeneas,
308 1981 412 2037 magno
427 1961 567 2018 iuvenum
583 1974 612 2016 et
626 1959 778 2018 maerentis
794 1959 851 2018 Iuli

173 2062 322 2114 concursu,
338 2041 462 2100 lacrimis
478 2039 637 2099 inmobilis.
678 2039 730 2098 ille
745 2055 851 2098 retorto
999 2071 1038 2108 400
1084 2099 1085 2103 ,

174 2122 331 2182 Paeonium
346 2122 377 2180 in
392 2141 501 2180 morem
517 2121 612 2180 senior
626 2120 790 2179 succinctus
804 2120 922 2192 amictu,

172 2203 264 2262 multa
277 2223 364 2260 manu
380 2201 490 2260 medica
508 2201 676 2280 Phoebique
690 2201 858 2280 potentibus
872 2200 966 2260 herbis

173 2283 349 2362 nequiquam
364 2282 497 2360 trepidat,
513 2277 690 2361 n‘equiquam
705 2282 814 2359 spicula
828 2281 925 2340 dextra

173 2363 308 2423 sollicitat
321 2378 493 2441 prensatque
509 2363 603 2422 tenaci
620 2363 729 2440 forcipe
744 2363 862 2421 ferrum.

173 2445 254 2503 nulla
267 2444 342 2502 viam
358 2444 470 2503 fortuna
486 2444 559 2519 regit
572 2468 582 2514 ;
603 2443 678 2501 nihil
693 2459 792 2502 auctor
805 2443 911 2520 Apollo

173 2525 305 2584 subvenit
317 2547 326 2592 ;
348 2540 377 2583 et
391 2545 488 2582 saevus
504 2524 611 2602 campis
627 2523 715 2600 magis
728 2545 761 2582 ae
777 2524 864 2598 magis
878 2525 978 2582 horror

136 2622 140 2627 ’
173 2605 335 2676 crebrescit,
370 2605 546 2683 propiusque
586 2605 695 2662 malum
730 2621 782 2664 est.
824 2604 880 2663 iam
919 2605 1036 2683 pulvere

196 2761 198 2764 Ι
254 2686 367 2745 eaelum
452 2715 456 2720 ·

173 2781 245 2825 stare
258 2766 370 2837 vident,
384 2766 567 2844 subeuntque
583 2765 703 2843 equites,
720 2782 749 2824 ct
764 2766 872 2844 spicula
887 2767 983 2825 castris

173 2847 260 2904 densa
274 2847 381 2905 cadunt
396 2847 506 2905 mediis.
549 2846 573 2905 it
588 2846 675 2904 tristis
689 2847 725 2905 ad
739 2848 852 2905 aethera
867 2846 974 2905 clamor

174 2927 336 2986 bellantum
350 2927 490 2985 iuvenum
504 2942 534 2986 et
547 2928 620 2986 duro
635 2928 687 2986 sub
697 2927 801 2985 Marte
815 2925 980 2985 cadentum.
999 2957 1038 2994 410

173 3007 222 3066 hic
237 3007 348 3075 Venus,
362 3007 482 3083 indigno
497 3007 556 3065 nati
572 3027 707 3067 concussa
722 3007 828 3078 dolore,

174 3087 354 3146 dictamnum
368 3087 497 3163 genetrix
513 3087 632 3147 Cretaea
646 3087 737 3165 carpit
750 3087 786 3144 ab
801 3086 860 3159 Ida,

174 3167 330 3245 puberibus
345 3168 458 3227 caulem
473 3168 548 3226 foliis
564 3183 593 3226 et
607 3167 675 3225 flore
690 3181 853 3226 comantem

173 3267 339 3326 purpureo;
361 3267 420 3306 nou
435 3249 485 3306 illa
499 3248 565 3306 feris
580 3247 725 3323 incognita
740 3247 830 3325 capris

174 3329 311 3406 gramina,
325 3348 393 3388 cum
408 3342 487 3404 tergo
499 3329 629 3387 volucres
643 3329 756 3386 haesere
771 3329 897 3406 sagittae.

374 3421 420 3484 382
437 3420 530 3472 harena.
627 3421 673 3484 408
691 3422 797 3472 subeunt.
