2558 4112
466 371 632 420 AENEIDOS
650 371 712 419 ΗΒ.
729 372 754 419 ll
1022 387 1064 422 121

196 505 351 564 sollemnes
366 518 480 561 taurum
495 501 643 578 ingentem
659 503 801 563 mactabat
816 503 851 561 ad
866 525 933 563 aras.

197 606 266 645 ecce
282 599 378 643 autem
392 583 501 660 gemini
516 596 531 641 a
546 583 671 642 Tenedo
685 584 839 663 tranquilla
853 605 904 662 per
918 587 1016 644 alta-

196 669 330 726 horresco
344 664 650 724 referens-inmensis
666 665 781 723 orbibus
795 685 901 742 angues

196 747 373 806 incumbunt
387 747 499 824 pelago,
513 746 675 824 pariterque
691 745 726 804 ad
740 746 823 804 litora
838 747 984 818 tendunt;

196 845 313 907 pectora
327 847 450 906 quorum
465 827 541 884 inter
556 825 660 885 fluctus
675 842 783 886 arrecta
798 827 939 907 iubaeque

196 907 369 985 sanguineae
384 922 519 986 superant
535 907 647 978 undas;
668 928 730 985 pars
745 924 841 967 cetera
855 925 979 986 pontum

196 1010 273 1069 pone
288 988 368 1065 legit,
384 989 556 1066 sinuantque
572 988 703 1047 inmensa
718 989 865 1057 volumine
881 1005 959 1066 terga
972 1015 981 1061 ;

197 1069 229 1129 fit
244 1069 352 1128 sonitus
366 1084 517 1147 spumante
533 1070 601 1128 salo.
642 1069 756 1148 iamque
766 1091 836 1128 arva
851 1072 996 1141 tenebant,

197 1150 385 1228 ardentesque
400 1151 500 1208 oculos
515 1149 628 1209 suffecti
644 1151 780 1226 sanguine
795 1167 825 1209 et
838 1150 899 1227 igni
1028 1183 1066 1210 210

196 1231 279 1290 sibila
293 1231 458 1290 lambebant
473 1231 578 1306 linguis
591 1231 768 1290 vibrantibus
782 1253 840 1290 ora.

197 1311 363 1389 diffugimus
378 1311 439 1371 visu
455 1332 632 1388 exsangues:
654 1312 697 1371 illi
713 1313 826 1388 agmine
841 1327 920 1371 certo

197 1393 363 1452 Laocoonta
376 1408 479 1470 petunt
491 1417 501 1464 3
522 1409 551 1453 et
565 1393 690 1471 primum
704 1413 789 1471 parva
803 1394 926 1452 duorum

198 1494 316 1551 corpora
331 1489 464 1532 natorum
479 1493 592 1552 serpens
607 1473 754 1552 amplexus
769 1490 889 1553 uterque

197 1553 328 1633 inplicat,
343 1569 371 1614 et
386 1554 502 1614 miseros
516 1575 610 1614 morsu
625 1554 787 1632 depascitur
801 1572 876 1614 artus
889 1581 899 1626 ;

196 1651 259 1713 post
273 1635 378 1712 ipsum,
392 1635 500 1694 auxilio
514 1635 683 1695 subeuntem
698 1657 730 1694 ac
746 1637 802 1695 tela
817 1637 969 1708 ferentem,

197 1716 367 1794 corripiunt,
382 1716 519 1796 spirisque
535 1717 624 1792 ligant
638 1715 824 1793 ingentibus;
846 1733 874 1775 et
889 1717 946 1775 iam

197 1795 239 1855 bis
254 1797 382 1856 medium
398 1798 533 1875 amplexi,
549 1796 591 1855 bis
606 1798 681 1855 collo
695 1816 827 1874 squamea
842 1797 953 1857 circum

196 1893 273 1954 terga
288 1877 357 1949 dati,
372 1896 506 1956 superant
520 1877 613 1955 eapite
628 1893 657 1936 et
672 1877 832 1936 cervicibus
846 1878 919 1938 altis.

196 1958 246 2018 ille
261 1958 346 2018 simul
361 1959 491 2018 manibus
506 1956 599 2018 tendit
613 1957 750 2018 divellere
764 1958 864 2031 nodos,
1029 1989 1067 2017 ιω

196 2040 326 2117 perfusus
341 2040 418 2098 sanie
432 2041 514 2099 vittas
529 2054 645 2118 atroque
659 2060 793 2111 veneno;

158 2138 161 2142 ⁴
197 2122 334 2180 clamores
349 2121 434 2180 simul
448 2121 604 2180 horrendos
618 2121 653 2202 ad
667 2121 757 2180 sidera
770 2121 867 2181 tollit:

196 2202 286 2280 qualis
302 2201 438 2279 mugitus,
453 2201 526 2278 fugit
540 2221 608 2260 cum
622 2200 734 2260 saucius
747 2219 823 2260 aram

195 2298 291 2358 taurus
305 2298 334 2342 et
348 2299 488 2341 incertam
503 2297 627 2342 excussrt
642 2301 753 2341 cervice
768 2301 915 2342 secunm..

195 2377 223 2421 at
237 2363 346 2440 gemini
362 2363 440 2440 lapsu
454 2362 573 2422 delubra
586 2363 621 2421 ad
636 2382 745 2421 summa
759 2363 895 2422 dracones

196 2443 348 2521 effugiunt,
362 2464 458 2503 saevae
478 2465 515 2503 ue
529 2459 631 2522 petunt
646 2443 806 2502 Tritonidis
820 2463 927 2514 arcem,

196 2525 249 2583 sub
262 2524 438 2606 pedibusque
454 2467 533 2596 deae,
548 2524 691 2605 clipeique
706 2524 758 2583 sub
772 2524 839 2583 orbe
853 2538 997 2600 teguntur.

195 2620 258 2664 turn
275 2625 341 2664 vero
356 2606 522 2665 tremefacta
536 2625 627 2664 novus
641 2626 692 2683 per
706 2622 821 2684 pectora
835 2604 947 2664 cunctis

195 2685 322 2746 insinuat
336 2705 445 2764 pavor3
466 2703 494 2746 et
508 2687 598 2746 scelus
613 2687 780 2764 expendisse
795 2701 954 2746 merentem

195 2766 361 2826 Laocoonta
375 2768 482 2838 ferunt,
497 2787 606 2827 sactum
622 2768 671 2847 qui
687 2767 804 2846 cuspide
819 2765 905 2825 robur
1028 2795 1066 2836 230

195 2847 318 2919 laeserit,
332 2863 361 2906 et
375 2863 459 2924 tergo
468 2849 633 2907 sceleratam
648 2848 793 2908 intorserit
806 2849 924 2907 hastam.

193 2928 362 2988 ducendum
377 2930 412 2988 ad
426 2929 504 2988 sedes
518 2929 713 3001 simulacrum,
727 2929 887 3007 orandaque
901 2927 984 2987 divae

194 3009 316 3068 numina
331 3010 523 3070 conclamant.

194 3089 350 3148 dividimus
365 3111 461 3150 muros
475 3107 504 3150 et
518 3091 631 3151 moenia
644 3091 796 3184 pandimus
810 3090 897 3150 urbis.

160 3185 163 3191 ’
195 3170 353 3247 accingunt
367 3191 466 3231 omnes
481 3171 572 3251 operi,
586 3170 762 3250 pedibusque
776 3188 902 3231 rotarum

195 3249 342 3310 subiciunt
357 3252 459 3331 lapsus,
474 3269 503 3312 et
517 3269 634 3331 stuppea
648 3253 764 3311 vincula
779 3253 855 3312 collo
871 3285 875 3290 -

195 3329 360 3392 intendunt.
403 3333 512 3393 scandit
526 3333 617 3392 fatalis
632 3333 766 3393 machina
779 3353 885 3404 muros,

509 3427 556 3474 226
574 3423 708 3488 diffitglunt.
