2562 4114
253 328 300 379 302
524 315 553 364 P.
570 311 713 360 VERGILl
730 311 887 360 MARONIS

291 445 351 524 ipse
366 445 445 504 inter
458 443 578 515 medios,
593 442 717 503 Veneris
732 442 884 502 iustissima
894 464 972 516 curs,

291 525 454 585 Dardanius
468 540 565 603 caput,
579 544 657 597 ecce,
672 544 744 602 puer
757 525 889 584 detectus
903 525 1068 596 honestum,

291 607 383 686 qualis
397 626 522 682 gemma,
537 606 634 678 micat,
650 606 762 665 fulvum
777 626 850 685 quae
864 605 970 666 dividit
984 627 1102 678 aurum,

292 704 340 747 aut
354 687 434 747 collo
448 687 545 760 decus,
561 703 611 746 aut
626 686 714 764 capiti
728 711 738 758 ς
758 687 805 746 vel
820 687 905 765 quale
919 707 972 765 per
985 703 1078 746 artem

290 769 436 828 inclusum
451 769 529 827 buxo
543 784 593 827 aut
608 767 709 827 Oricia
724 767 889 827 terebintho

291 850 371 910 lucet
385 849 480 920 ebur;
500 850 576 908 fusos
591 848 689 908 cervix
704 848 752 908 cui
768 849 859 907 lactea
874 849 969 908 crines

291 929 398 1009 accipit
413 946 443 988 et
457 930 539 988 molli
555 929 702 989 subnectit
716 929 839 988 circulus
853 950 932 988 auro.

291 1027 319 1070 te
333 1031 449 1090 quoque
463 1010 662 1087 magnanimae
677 1009 825 1082 viderunt,
839 1010 954 1081 lemare,
968 1025 1070 1086 gentes

291 1093 412 1150 vulnera
425 1091 556 1167 derigere
571 1107 601 1151 et
614 1091 739 1150 calamos
749 1110 861 1150 armam
874 1110 998 1163 veneno,
1126 1122 1162 1160 ῳ

292 1172 431 1231 Maeonia
445 1192 581 1249 generose
595 1172 692 1244 domo,
708 1171 757 1232 ubi
772 1170 890 1249 pinguia
904 1171 982 1230 culta

291 1268 486 1332 exercentque
500 1253 554 1311 viri
571 1253 762 1331 Pactolusque
777 1252 880 1328 inrigat
894 1273 974 1311 auro.

291 1333 385 1392 adfuit
399 1348 428 1392 et
444 1335 628 1403 Mnestheus,
645 1353 733 1411 quem
746 1333 823 1411 pulsi
837 1333 957 1410 pristina
972 1332 1072 1392 Turni

291 1433 390 1489 aggere
404 1433 569 1472 moerorum
584 1415 739 1473 sublimem
753 1413 844 1490 gloria
859 1413 945 1485 tollit,

291 1510 320 1552 et
334 1493 450 1570 Capys:
472 1493 543 1553 hinc
559 1514 669 1553 nomen
686 1495 852 1572 Campanae
866 1493 983 1553 ducitur
998 1495 1074 1554 urbi.

330 1574 374 1632 illi
390 1574 466 1633 inter
479 1595 538 1633 sese
552 1575 617 1634 duri
633 1575 791 1635 certamina
805 1574 875 1634 belli

289 1654 476 1714 contulerant
491 1677 498 1714 :
520 1655 615 1714 media
629 1657 743 1716 Aeneas
758 1657 832 1716 freta
846 1671 932 1716 nocte
946 1655 1070 1716 secabat.

290 1755 416 1815 namque
430 1751 463 1795 ut
478 1737 512 1794 ab
528 1737 665 1796 Euandro
680 1737 776 1796 castris
791 1737 931 1813 ingressus
946 1737 1085 1808 Etruscis,

289 1837 385 1892 regern
398 1816 469 1889 adit,
484 1834 513 1877 et
527 1819 587 1894 regi
603 1833 742 1876 memorat
756 1837 921 1896 nomenque
935 1837 1084 1895 genusque
1096 1843 1106 1888 ;

290 1898 397 1975 quidve
411 1914 499 1975 petat,
515 1899 623 1978 quidve
638 1899 698 1977 ipse
713 1900 807 1970 ferat3
829 1897 996 1957 Mezentius
1010 1918 1089 1956 arma
1123 1926 1160 1965 15⁰

290 1997 362 2056 quae
377 1978 429 2036 sibi
445 1979 594 2052 conciliet,
609 1979 796 2058 violentaque
810 1994 928 2057 pectora
942 1978 1039 2036 Turni

289 2057 415 2129 edocet3
436 2060 569 2118 humanis
584 2080 658 2138 quae
674 2059 710 2119 sit
725 2060 832 2119 fiducia
845 2061 929 2119 rebus

289 2137 434 2212 admonet,
444 2139 636 2219 inmiscetque
645 2159 763 2219 preces;
777 2140 855 2200 haud
866 2140 899 2200 fit
907 2161 1003 2210 mora;
1017 2140 1157 2200 Tarchon

289 2217 384 2295 iungit
397 2240 465 2297 opes
480 2221 639 2301 foedusque
655 2220 744 2292 ferit;
765 2236 828 2280 tum
842 2221 933 2280 libera
947 2221 999 2278 fati

288 2300 409 2359 classem
424 2302 594 2360 conscendit
608 2301 690 2361 iussis
703 2321 773 2378 gens
787 2297 880 2379 Lydia
894 2301 1002 2372 divom,

290 2395 412 2440 externo
427 2383 576 2441 commissa
591 2382 670 2442 duci.
711 2384 824 2442 Aeneia
837 2381 941 2460 puppis

288 2461 381 2537 prima
396 2477 487 2532 tenet,
501 2478 592 2522 rostro
608 2462 746 2541 Phrygios
761 2463 914 2523 subiuncta
927 2464 1035 2522 leones.

287 2541 414 2602 inminet
429 2542 480 2601 Ida
495 2563 588 2621 super,
604 2544 731 2622 profugis
745 2544 904 2620 gratissima
917 2543 1053 2604 Teucris

287 2621 336 2680 hic
351 2641 470 2698 magnus
485 2623 565 2682 sedet
579 2625 703 2696 Aeneas,
718 2644 873 2704 secumque
887 2625 998 2684 volutat

288 2718 409 2762 eventus
424 2703 495 2762 belli
510 2704 623 2776 varios;
646 2704 797 2784 Pallasque
810 2705 926 2764 sinistro
1123 2721 1158 2763 ιω

287 2782 396 2842 adfixus
410 2784 491 2843 lateri
507 2783 564 2843 iam
579 2785 690 2864 quaerit
704 2785 805 2859 sidera,
819 2805 924 2864 opacae

286 2864 381 2921 noctis
396 2863 459 2935 iter,
475 2865 533 2923 iam
548 2885 621 2944 quae
637 2887 731 2943 passus
747 2883 876 2946 terreque
890 2865 1028 2946 marique.

327 2943 447 3019 pandite
462 2965 542 3006 nunc
558 2945 714 3018 Helicona,
729 2948 811 3019 deae,
825 2963 984 3027 cantusque
998 2962 1115 3008 movete
1127 2971 1136 3017 ;

287 3041 358 3098 quae
374 3042 475 3083 manus
489 3024 599 3084 interea
613 3026 719 3086 Tuscis
734 3027 889 3088 comitetur
902 3028 937 3088 ab
952 3026 1008 3086 oris

286 3100 417 3172 Aenean,
433 3121 583 3184 armetque
597 3121 681 3180 rates,
695 3108 855 3188 pelagoque
869 3109 999 3168 vehatur.
1256 3161 1257 3182 ,

329 3181 471 3242 Massicus
486 3202 579 3245 aerata
593 3187 725 3265 princeps
739 3203 816 3248 secat
830 3209 953 3268 aequora
968 3187 1075 3264 Tigri:

287 3258 340 3317 suh
356 3281 414 3339 quo
428 3263 510 3322 mille
524 3284 626 3326 manus
640 3267 790 3340 iuvenum,
806 3269 857 3348 qui
872 3268 987 3330 moenia
1001 3267 1096 3342 Clusi,

578 3358 621 3420 138
640 3360 728 3411 mollit.
