2556 4116
218 411 222 420 '
260 399 305 447 12*
531 399 557 446 P.
575 397 718 446 VERGILI
737 398 893 448 MARONIS

299 528 427 588 carmina
441 527 576 606 descripsi
593 544 622 586 et
636 529 786 588 modulans
802 529 910 587 alterna
925 529 1034 602 notavi,

299 609 450 687 experiar:
471 624 502 667 tu
517 608 623 668 deinde
632 609 737 668 iubeto
752 624 785 669 ut
798 626 890 668 certet
903 611 1051 687 Amyntas

343 690 402 749 Me.
423 689 502 748 lenta
516 689 586 748 salix
601 705 740 768 quantum
755 691 876 769 pallenti
892 691 969 750 cedit
982 691 1085 763 olivae,

298 769 431 849 puniceis
446 770 563 828 humilis
578 787 721 848 quantum
736 771 863 830 saliunca
878 771 987 843 rosetis,

299 851 408 910 iudicio
423 867 518 910 nostro
533 867 646 910 tantum
661 851 714 910 tibi
730 852 807 910 cedit
821 853 972 928 Amyntas.

299 934 350 992 sed
364 947 395 990 tu
410 931 510 991 desine
524 932 616 1010 plura,
631 953 724 1010 puer·
745 933 931 991 successimus
946 949 1038 993 antro.

342 1015 402 1072 Mo.
419 1013 594 1072 exstinctum
606 1013 763 1090 Nymphae
774 1013 883 1072 crudeli
896 1014 997 1071 funere
1012 1015 1164 1092 Daphnim

299 1093 430 1164 flebant3
451 1115 500 1152 vos
515 1093 604 1171 coryli
620 1109 704 1152 testes
720 1110 749 1152 et
762 1092 883 1152 flumina
898 1094 1067 1187 Nymphis3
1140 1126 1164 1154 21

299 1195 367 1234 cum
382 1139 534 1252 complexa
548 1175 591 1235 sui
606 1195 709 1253 corpus
723 1174 885 1233 miserabile
900 1174 961 1233 nati

300 1271 386 1334 atque
400 1255 467 1312 deos
483 1271 568 1334 atque
583 1271 656 1314 astra
667 1271 751 1314 vocat
765 1254 892 1314 crudelia
906 1271 1008 1316 mater.

299 1357 358 1395 non
374 1336 426 1394 ulli
442 1351 536 1413 pastos
550 1336 607 1394 illis
623 1356 705 1412 egere
719 1336 820 1396 diebus

299 1416 409 1492 frigida,
419 1416 642 1494 Daphn1‚boves
651 1415 838 1488 adflumrna
830 1418 934 1477 nulla
943 1437 1039 1497 neque
1049 1437 1165 1477 amnem

299 1497 402 1556 libavit
411 1496 603 1590 quadrupes,
603 1516 657 1555 nec
673 1497 809 1573 graminis
824 1498 921 1574 attigit
933 1500 1061 1558 herbam.

299 1577 429 1672 Daphni,
445 1593 528 1636 tuum
544 1578 655 1636 Poenos
669 1577 757 1637 etiam
771 1578 945 1655 ingemuisse
959 1580 1056 1637 leones
1130 1601 1144 1606 ’·

212 1681 216 1692 ·
299 1659 451 1718 interitum
465 1674 636 1736 montesque
651 1657 704 1716 feri
719 1658 865 1736 silvaeque
880 1660 1049 1752 loquuntur.

299 1739 432 1818 Daphnis
448 1755 476 1798 et
490 1739 641 1798 Armenias
657 1760 740 1798 curru
756 1739 962 1815 subiungere
941 1755 1026 1816 tigres

298 1821 434 1894 instituit,
450 1820 583 1898 Daphnis
599 1821 703 1878 thiasos
717 1820 854 1878 inducere
870 1820 979 1879 Bacchi
1140 1851 1167 1890 30

300 1918 329 1961 et
343 1901 419 1960 foliis
433 1902 549 1959 lentas
541 1917 673 1960 intexere
688 1901 823 1960 mollibus
837 1903 940 1960 hastas

299 1982 365 2042 vitis
381 1998 414 2041 ut
428 1981 573 2041 arboribus
589 1981 685 2040 decori
701 1998 752 2054 est,
767 1997 801 2041 ut
815 1982 922 2041 vitibus
935 2002 1018 2053 uvae,

299 2079 332 2122 ut
345 2062 477 2138 gregibus
493 2063 575 2132 tauri,
592 2077 700 2137 segetes
715 2078 747 2121 ut
760 2063 917 2142 pinguibus
930 2063 1013 2134 arvis,

300 2160 330 2203 tu
346 2142 433 2200 decus
448 2163 534 2200 omne
549 2143 614 2202 tuis.
657 2159 809 2222 postquam
824 2160 853 2202 te
868 2145 927 2203 fata
942 2145 1083 2214 tulerunt,

298 2224 358 2302 ipsa
375 2224 458 2282 Pales
473 2244 553 2300 agros
567 2240 652 2302 atque
667 2224 728 2302 ipse
743 2224 862 2302 reliquit
875 2225 992 2302 Apollo.

297 2303 417 2382 grandia
431 2325 515 2383 saepe
531 2305 635 2382 quibus
649 2305 846 2363 mandavimus
861 2305 967 2364 hordea
980 2305 1080 2377 sulcis,

298 2385 401 2444 infelix
416 2385 519 2443 lolium
535 2401 564 2444 et
578 2386 688 2444 steriles
702 2400 858 2444 nascuntur
872 2405 1002 2456 avenae,

297 2488 349 2545 pro
363 2465 445 2524 molli
460 2465 546 2538 viola,
561 2487 612 2543 pro
626 2486 770 2544 purpureo
784 2465 910 2523 narcisso

298 2547 421 2606 carduus
436 2563 465 2605 et
479 2547 567 2625 spinis
583 2546 671 2620 surgit
684 2545 811 2622 paliurus
825 2545 924 2604 acutis.

298 2628 420 2706 spargite
434 2629 557 2686 humum
572 2626 659 2698 foliis,
674 2625 804 2684 inducite
819 2625 946 2684 fontibus
961 2626 1086 2700 umbras,
1141 2658 1168 2696 40

297 2723 424 2786 pastores
438 2733 447 2780 3
468 2708 586 2766 mandat
601 2706 660 2764 fieri
677 2704 728 2763 sibi
745 2705 813 2764 talia
828 2706 984 2784 Daphn1s;

299 2804 328 2847 et
344 2790 489 2848 tumulum
505 2788 600 2857 facite,
616 2803 645 2845 et
660 2786 773 2844 tumulo
787 2807 872 2865 super
886 2787 983 2846 addite
998 2809 1116 2847 carmen
1131 2811 1138 2846 ε

280 2869 433 2946 ‘Daphnis
449 2890 501 2944 ego
516 2868 546 2926 in
562 2867 650 2938 silvis,
664 2867 732 2926 hinc
748 2888 838 2945 usque
853 2868 889 2928 ad
904 2867 995 2927 sidera
1010 2885 1105 2941 notus,

299 2949 417 3008 formosi
431 2948 542 3027 pecoris
557 2964 663 3019 custos,
678 2948 828 3007 formosior
841 2946 921 3026 ipse!

342 3031 401 3090 Me.
424 3031 480 3089 tale
496 3046 579 3089 tuum
594 3049 710 3088 carmen
725 3029 818 3100 nobis,
833 3029 932 3088 divine
946 3045 1043 3108 poeta,

300 3112 386 3189 quale
401 3132 483 3187 sopor
498 3110 576 3169 fessis
591 3110 622 3168 in
637 3110 773 3186 gramine,
789 3111 874 3188 quale
888 3131 941 3189 per
955 3128 1065 3170 aestum

299 3191 392 3250 dulcis
407 3212 497 3269 aquae
512 3191 633 3250 saliente
648 3192 727 3249 sitim
741 3191 916 3266 restinguere
931 3191 1002 3250 rivo.

300 3292 354 3330 nec
370 3271 486 3330 calamis
501 3272 595 3331 solum
609 3272 787 3350 aequiperas‚
802 3271 852 3329 sed
866 3293 936 3330 voce
951 3273 1127 3348 magistrum.

300 3354 445 3411 fortunate
459 3373 541 3430 puer,
556 3369 587 3412 tu
602 3373 680 3411 nunc
697 3352 751 3412 eris
766 3353 837 3410 alter
852 3351 888 3410 ab
902 3353 962 3414 illo.

300 3454 352 3492 nos
367 3449 465 3493 tamen
479 3435 551 3492 haec
567 3453 751 3511 quocumque
762 3433 848 3498 modo
862 3433 915 3492 tibi
930 3449 1025 3492 nostra
1038 3432 1165 3492 vicissim
