2568 4114
422 341 590 394 anunrnos
608 342 672 394 rna.
690 347 742 416 vn
990 361 1037 412 241

169 475 240 556 quin
257 475 345 534 etiarn
360 474 391 533 in
407 474 500 547 silvas,
516 475 650 534 simulato
665 476 788 535 numine
804 477 923 551 Bacchi,

168 556 261 617 maius
275 555 374 614 adorta
389 556 478 626 nefas,
494 556 693 635 maloremque
709 577 770 616 orsa
786 559 923 631 furorem,

170 637 275 711 evolat,
292 651 321 695 et
336 652 433 696 natam
449 637 591 695 frondosis
607 637 754 696 montibus
769 639 857 712 abdit,

169 731 227 798 quo
242 719 402 777 thalamum
417 717 520 795 eripiat
535 718 672 790 Teucris,
687 719 844 798 taedasque
860 734 999 793 moretur,

170 802 272 871 euhoe,
288 799 413 871 Bacche,
429 798 566 870 fremens,
583 800 677 858 solum
693 815 722 859 te
737 799 848 877 virgine
863 802 985 877 dignum

169 880 350 939 vociferans:
373 879 482 938 etenim
497 879 601 938 molles
617 881 671 940 tibi
687 899 801 940 sumere
818 883 938 959 thyrsos,
1004 912 1043 953 390

169 977 198 1020 te
213 961 333 1019 lustrare
348 963 448 1031 choro,
461 980 575 1021 sacrum
591 961 643 1020 tibi
660 980 778 1040 pascere
793 962 916 1022 crinem.

169 1042 246 1100 fama
260 1042 349 1114 volat,
365 1041 506 1119 furiisque
520 1061 655 1100 accensas
671 1058 790 1120 pectore
804 1051 909 1102 matres

168 1122 361 1181 idemomnes
376 1122 462 1180 simul
478 1122 562 1180 ardor
577 1123 645 1199 agit,
663 1143 737 1182 nova
753 1144 892 1201 quaerere
907 1140 994 1184 tecta.

168 1201 321 1262 deseruere
335 1203 446 1275 domos,
461 1203 556 1261 ventis
570 1203 643 1262 dant
658 1204 735 1263 colla
750 1223 923 1284 comasque;

168 1300 210 1343 ast
225 1284 297 1343 aliae
313 1283 443 1342 tremulis
459 1284 618 1342 ululatibus
634 1286 752 1344 aethera
768 1287 929 1363 complent,

168 1365 395 1444 pampineasque
409 1379 514 1440 gerunt
529 1364 678 1424 incinctae
692 1366 820 1444 pellibus
834 1368 938 1426 hastas.

168 1445 229 1523 ipsa
244 1445 322 1504 inter
335 1444 445 1504 medias
460 1444 630 1521 flagrantem
647 1446 757 1504 fervida
772 1447 876 1525 pinum

168 1526 299 1599 sustinet,
315 1547 348 1585 ac
364 1541 449 1585 natae
465 1526 621 1605 Turnique
637 1527 718 1586 canit
732 1528 918 1605 hymenaeos,

169 1607 355 1683 sanguineam
370 1623 506 1686 torquens
522 1607 626 1681 aciem,
643 1623 816 1687 torvumque
830 1624 953 1687 repente

168 1688 292 1748 clamat:
315 1688 361 1746 ‘io
376 1702 490 1761 matres,
503 1689 611 1762 audite,
625 1689 674 1747 ubi
691 1709 833 1767 quaeque,
849 1689 971 1750 Latinae
985 1711 1042 1759 :400

168 1768 190 1826 si
205 1789 261 1846 qua
274 1768 329 1847 piis
344 1768 448 1828 animis
463 1785 562 1828 manet
576 1766 704 1828 infelicis
718 1771 840 1827 Amatae

168 1849 267 1925 gratia,
281 1849 303 1908 si
318 1849 388 1908 iuris
403 1850 527 1908 mater'ni
544 1870 613 1908 cura
627 1849 785 1920 remordet,

168 1929 270 1988 solvite
286 1931 407 1989 crinales
421 1930 515 2001 vittas,
531 1929 627 2006 capite
643 1929 720 2005 orgia
734 1929 869 1989 mecum!

168 2011 257 2070 talem
272 2010 350 2070 inter
364 2010 459 2081 silvas,
473 2009 550 2068 inter
564 2009 678 2068 deserta
692 2011 828 2082 ferarum,

167 2091 295 2168 reginam
310 2091 427 2149 Allecto
440 2090 565 2148 stimulis
582 2089 640 2165 agit
655 2091 785 2170 'undique
801 2092 921 2152 Bacchi.

208 2186 360 2251 postquam
374 2170 434 2228 visa
450 2170 516 2228 satis
530 2170 637 2247 primos
653 2171 761 2230 acuisse
775 2174 895 2247 furores,

168 2252 382 2330 consiliumque
397 2271 575 2329 omnemque
590 2251 711 2310 domum
727 2252 846 2312 vertisse
861 2253 970 2325 Latini,

167 2332 299 2412 protinus
313 2331 383 2391 hinc
398 2330 486 2390 fuscis
501 2331 589 2390 tristis
604 2332 658 2390 dea
675 2332 788 2391 tollitur
802 2333 854 2392 alis

168 2413 283 2472 audacis
299 2413 401 2472 Rutuli
417 2413 453 2471 ad
468 2432 574 2485 muros,
590 2433 677 2490 quam
693 2413 801 2474 dicitur
816 2414 917 2472 urbem

167 2495 343 2554 Acrisioneis
358 2493 459 2552 Danae
475 2494 608 2552 fundasse
624 2494 744 2567 colonis,
1002 2523 1041 2562 410

168 2575 320 2654 praecipiti
335 2574 431 2633 delata
445 2573 536 2634 Noto.
580 2574 660 2634 locus
676 2575 773 2634 Ardea
788 2575 935 2653 quondam

169 2656 263 2715 dictus
277 2656 344 2729 avis,
361 2670 390 2715 et
404 2675 483 2714 nunc
499 2674 637 2730 magnum
652 2672 751 2715 manet
765 2657 862 2715 Ardea
875 2672 984 2715 nornen
996 2680 1006 2724 ;

169 2737 220 2795 sed
234 2737 350 2796 fortuna
365 2736 432 2796 fuit.
476 2737 558 2796 tectis
572 2737 620 2795 hic
636 2737 757 2795 Turnus
772 2737 803 2794 in
819 2736 884 2796 altis

169 2816 228 2876 iam
242 2818 367 2877 mediam
381 2817 461 2894 nigra
476 2817 611 2895 carpebat
626 2833 714 2886 nocte
730 2817 868 2896 quietem.

169 2898 287 2957 Allecto
301 2915 411 2958 torvam
426 2899 532 2957 faciem
548 2913 577 2956 et
592 2896 706 2957 furialia
722 2899 852 2957 membra

170 2979 249 3037 exuit
258 3005 268 3050 3
289 2977 320 3038 in
335 2979 432 3038 vultus
447 3000 507 3038 sese
523 2979 708 3038 transformat
722 2979 823 3050 aniles,

170 3077 200 3118 et
214 3060 341 3119 frontem
356 3059 601 3136 obscenamrugis
616 3075 677 3119 arat
686 3084 696 3128 3
717 3060 814 3119 induit
829 3060 908 3118 albos

169 3159 236 3200 cum
250 3140 323 3206 vitu
337 3137 451 3212 crines3
472 3156 535 3199 tum
549 3155 660 3199 ramum
675 3141 803 3200 innectit
817 3140 929 3200 olivae:

169 3221 202 3279 fit
218 3221 341 3298 Calybe,
356 3221 477 3279 Iunonis
491 3235 562 3280 anus
578 3221 739 3300 templique
755 3221 895 3294 sacerdos,

170 3318 200 3361 et
214 3301 314 3362 iuveni
329 3316 397 3361 ante
412 3301 511 3361 oculos
525 3301 571 3360 his
586 3322 615 3361 se
630 3321 697 3361 cum
713 3303 833 3363 vocibus
848 3303 951 3361 offert:
1001 3328 1040 3368 420

397 3406 441 3458 391
460 3395 550 3447 choros.
635 3407 683 3456 4¹²
701 3405 773 3446 tenet.

572 3483 591 3520 R
