2556 4116
387 412 574 461 sueones:
601 414 671 462 xci.
689 413 715 461 11
998 427 1011 479 ς

144 563 262 601 mecum
277 562 334 600 una
349 541 381 599 in
395 541 473 600 silvis
487 543 636 602 imitabere
652 545 728 602 Pana
744 544 882 604 canendo.

145 624 208 681 Pan
222 623 349 700 primum
364 624 488 682 calamos
504 645 568 683 cera
583 624 758 701 coniungere
773 625 868 702 plures

145 703 280 774 instituit,
298 703 357 761 Pan
373 719 454 762 curat
468 726 533 764 oves
548 705 703 784 oviumque
719 706 876 782 magistros.

145 805 201 843 nec
216 799 245 842 te
260 784 407 860 paeniteat
421 785 532 844 calamo
547 786 655 845 trivisse
670 786 828 846 labellum:

145 867 216 924 haec
233 864 333 924 eadem
349 882 382 924 ut
396 866 490 936 sciret,
506 867 576 944 quid
590 889 648 926 non
664 867 786 926 faciebat
800 869 962 944 Amyntas?

147 962 188 1004 est
204 946 275 1005 mihi
291 946 448 1023 disparibus
464 963 572 1024 septem
588 964 737 1026 compacta
751 949 854 1007 cicutis

147 1027 249 1098 fistula,
264 1027 420 1086 Damoetas
435 1027 511 1086 dono
526 1029 597 1086 mihi
613 1050 700 1106 quam
715 1029 794 1087 dedit
808 1029 878 1088 olim

147 1123 177 1166 et
190 1107 266 1166 dixit
279 1107 405 1166 moriens
419 1131 426 1167 :
448 1115 467 1141 “
477 1124 505 1166 te
520 1129 598 1168 nunc
613 1108 701 1168 habet
714 1109 767 1168 ista
782 1110 942 1170 secundum
952 1109 970 1138 ''
984 1133 991 1169 ε

147 1189 220 1246 dixit
234 1188 401 1260 Damoetas,
415 1189 520 1247 invidit
534 1190 637 1248 stultus
651 1191 801 1267 Amyntas.
893 1229 896 1238 ι

146 1284 294 1347 praeterea
309 1270 367 1327 duo
380 1291 434 1328 nec
450 1285 511 1328 tuta
526 1270 598 1328 mihi
614 1271 688 1329 valle
703 1271 808 1348 reperti
988 1301 1015 1340 φ

147 1351 282 1427 capreoli,
297 1350 396 1428 sparsis
411 1351 498 1410 etiam
513 1371 592 1410 nunc
607 1352 731 1428 pellibus
747 1353 812 1411 albo
825 1377 834 1423 3

148 1431 215 1488 bina
229 1431 276 1488 die
291 1431 401 1491 siccant
416 1432 475 1490 ovis
491 1433 599 1500 ubera3
620 1454 690 1510 quos
706 1433 758 1490 tibi
773 1454 861 1492 servo.

148 1511 203 1569 iam
217 1512 330 1588 pridem
345 1533 362 1569 a
375 1533 421 1570 me
436 1512 501 1570 illos
515 1513 655 1572 abducere
671 1513 819 1590 Thestylis
834 1530 915 1585 orat3

148 1607 177 1650 et
191 1593 287 1664 faciet,
303 1592 440 1670 quoniam
454 1593 570 1652 sordent
585 1593 637 1652 tibi
652 1615 773 1652 munera
786 1610 892 1654 nostra.

147 1675 203 1730 huc
219 1673 296 1745 ades,
310 1695 328 1732 o
342 1675 465 1732 formose
479 1695 572 1751 puer:
594 1674 647 1732 tibi
662 1674 724 1732 lilia
738 1675 832 1752 plenis

147 1773 214 1812 ecce
230 1754 328 1812 ferunt
343 1755 498 1832 Nymphae
513 1755 633 1814 calathis
646 1780 655 1825 ;
677 1755 729 1813 tibi
745 1755 867 1813 candida
882 1756 962 1826 Nais,

146 1834 287 1912 pallentes
302 1835 389 1893 violas
404 1851 433 1894 et
447 1856 558 1893 summa
572 1856 712 1913 papavera
727 1857 856 1913 carpens,

147 1915 304 1982 narcissum
319 1931 348 1974 et
362 1915 463 1974 florem
478 1916 573 1991 iungit
587 1917 661 1975 bene
676 1917 781 1975 olentis
796 1917 893 1974 anethi
907 1941 916 1987 3

148 2012 208 2054 tum
223 1996 298 2054 casia
313 2011 398 2074 atque
414 1997 476 2056 aliis
491 1996 624 2055 intexens
639 1997 772 2056 suavibus
786 1997 881 2056 herbis

147 2076 245 2134 mollia
260 2077 367 2134 luteola
381 2077 477 2154 pingit
490 2078 623 2136 vaccinia
638 2079 742 2138 caltha.
989 2107 1015 2146 50

128 2165 130 2174 ’
147 2157 206 2234 ipse
220 2177 273 2232 ego
289 2177 360 2215 cana
374 2159 467 2232 legam
482 2175 580 2217 tenera
595 2160 731 2235 lanugine
745 2161 821 2218 mala

147 2253 347 2315 castaneasque
363 2258 460 2310 nuces,
476 2260 540 2298 mea
554 2261 622 2318 quas
636 2241 791 2316 Amaryllis
807 2240 920 2299 amabat
932 2265 942 2311 ;

148 2318 249 2376 addam
264 2339 346 2376 cerea
360 2340 475 2396 pruna3
496 2321 588 2378 honos
602 2321 658 2379 erit
672 2321 741 2380 huic
756 2343 872 2400 quoque
887 2342 995 2398 pomo;

148 2413 176 2456 et
190 2419 248 2470 vos,
264 2421 282 2457 o
296 2400 380 2471 lauri,
397 2421 513 2478 carpam
529 2417 558 2459 et
573 2417 610 2472 te,
626 2401 759 2478 proxima
773 2418 875 2476 myrte,

148 2479 186 2537 sic
201 2479 311 2556 positae
326 2481 463 2558 quoniam
478 2502 575 2540 suaves
591 2482 716 2540 miscetis
731 2481 840 2540 odores.

146 2560 268 2618 rusticus
283 2581 321 2630 es,
338 2561 475 2638 Corydon
490 2585 497 2621 :
519 2583 573 2622 nec
588 2583 709 2620 munera
724 2577 806 2621 curat
818 2562 928 2634 Alexis,

146 2661 210 2713 nec,
226 2641 249 2699 si
264 2642 433 2701 muneribus
449 2658 551 2715 certes,
566 2644 706 2702 concedat
720 2643 817 2702 Iollas.

145 2723 201 2780 heu
210 2723 269 2780 heu
283 2723 289 2781 !
333 2723 404 2800 quid
413 2724 490 2782 volui
501 2724 604 2782 misero
612 2724 684 2783 mihi
697 2729 708 2782 l
750 2723 867 2783 floribus
875 2726 1013 2799 Austrum

145 2803 275 2880 perditus
290 2808 319 2861 et'
333 2803 450 2881 liquidis
465 2804 561 2862 inmisi
577 2805 705 2863 fontibus
720 2826 810 2882 apros.

147 2903 234 2960 quem
248 2884 333 2959 fugis,
346 2905 369 2958 a,
383 2885 500 2942 demens
513 2889 523 2942 i
537 2885 706 2944 habitarunt
720 2886 749 2944 di
766 2907 881 2964 quoque
896 2887 978 2944 silvas
988 2903 1014 2944 σο

146 2963 366 3043 Dardaniusque
382 2965 469 3024 Paris.
512 2965 605 3024 Pallas
621 2987 690 3044 quas
706 2967 836 3025 condidit
850 2988 927 3025 arces
1020 2983 1022 2988 ·

146 3044 206 3121 ipsa
221 3045 320 3112 colat;
341 3045 424 3103 nobis
439 3046 573 3124 placeant
587 3062 654 3105 ante
669 3047 767 3105 omnia
782 3047 878 3106 silvae.

147 3139 226 3184 torva
240 3127 342 3184 leaena
357 3127 459 3203 lupum
475 3127 613 3205 sequitur,
628 3129 712 3204 lupus
727 3127 788 3206 ipse
804 3129 954 3206 capellam,

147 3205 297 3265 florentem
313 3207 436 3284 cytisum
451 3207 579 3285 sequitur
593 3208 698 3266 lasciva
712 3210 832 3285 capella,

147 3301 174 3344 te
190 3287 338 3364 Corydon,
354 3309 371 3346 o
384 3287 470 3345 Alexi
485 3309 492 3346 :
514 3288 603 3346 trahit
617 3309 666 3346 sua
680 3310 825 3368 quemque
840 3290 979 3367 voluptas.

147 3367 250 3445 aspice,
265 3383 355 3426 aratra
370 3369 437 3443 iugo
450 3369 580 3426 referunt
595 3389 729 3446 suspensa
742 3371 867 3441 iuvenci,

148 3463 175 3508 et
189 3449 230 3506 sol
245 3465 405 3507 crescentes
420 3449 561 3508 decedens
576 3449 705 3528 duplicat
720 3451 835 3509 umbras
850 3473 857 3508 :
