2556 4116
232 351 338 414 46·

508 351 536 400 P.
553 349 697 398 VERGILI
714 349 871 398 MARONIS

275 482 325 542 llos
340 482 375 540 ad
389 481 482 560 prima
496 497 582 540 tenax
595 506 605 552 ;
626 479 734 539 animas
749 496 779 539 et
793 479 901 538 olentia
917 481 1004 540 Medi

274 584 323 622 ora
338 564 439 621 fovent
453 561 504 620 illo
520 578 549 621 et
564 561 678 621 senibus
693 561 874 620 medicantur
888 562 1012 622 anhelis.

315 644 365 703 sed
379 663 475 722 neque
492 644 650 703 Medorum
665 643 759 722 silvae,
776 642 915 701 ditissima
929 658 1016 716 terra,

274 746 328 784 nec
342 725 465 802 pulcher
480 723 596 800 Ganges
611 738 697 803 atque
713 745 781 782 auro
795 723 925 782 turbidus
940 724 1068 784 Hermus

274 805 404 864 laudibus
419 805 520 863 Italiae
535 820 659 876 certent,
674 825 734 863 non
749 805 853 862 Bactra
867 825 962 883 neque
979 805 1045 864 Indi

274 901 392 964 totaque
407 885 534 944 turiferis
551 886 696 944 Panchaia
709 885 823 962 pinguis
837 885 960 944 harenis.

272 969 344 1026 haec
359 967 422 1025 loca
436 986 496 1024 non
511 965 584 1024 tauri
600 965 738 1044 spirantes
753 965 868 1024 naribus
882 966 980 1043 ignem
1107 999 1148 1036 140

272 1048 417 1106 invertere
432 1047 498 1106 satis
513 1046 638 1105 inmanis
654 1047 790 1105 dentibus
805 1046 900 1123 hydri,

273 1149 328 1187 nec
343 1128 431 1204 galeis
447 1128 601 1206 densisque
616 1127 711 1186 virum
725 1147 803 1203 seges
817 1127 929 1186 horruit
942 1129 1029 1187 hastis
1042 1154 1051 1200 3

273 1209 322 1268 sed
336 1208 469 1284 gravidae
484 1209 580 1284 fruges
595 1223 627 1267 et
640 1208 746 1267 Bacchi
763 1208 904 1267 Massicus
919 1228 1003 1266 umor

272 1290 420 1366 inplevere
433 1312 443 1357 3
465 1304 568 1348 tenent
582 1290 663 1347 oleae
678 1304 862 1368 armentaque
877 1290 960 1348 laeta.

272 1370 342 1428 hinc
358 1369 479 1427 bellator
494 1390 583 1448 equus
599 1390 702 1448 campo
716 1390 774 1428 sese
790 1371 893 1429 arduus
907 1370 1014 1440 infert;

271 1451 342 1508 hinc
358 1450 426 1520 albi,
441 1450 605 1522 Clitumne,
618 1470 716 1526 greges
731 1465 760 1508 et
774 1451 898 1510 maxima
912 1466 1007 1510 taurus

272 1530 402 1602 victima,
417 1551 500 1608 saepe
516 1549 565 1589 tuo
579 1531 686 1608 perfusi
702 1530 822 1590 flumine
836 1552 922 1603 sacro,

274 1611 419 1670 Romanos
433 1611 469 1669 ad
484 1612 593 1688 templa
607 1612 694 1670 deum
708 1612 817 1671 duxere
831 1613 999 1690 triumphos.

272 1691 321 1751 hic
337 1712 386 1750 ver
399 1692 550 1751 adsiduum
565 1707 651 1770 atque
667 1693 767 1751 alienis
781 1693 926 1752 mensibus
940 1709 1046 1753 aestas:

274 1773 316 1831 bis
330 1773 461 1849 gravidae
476 1774 612 1850 pecudes,
627 1774 669 1831 bis
683 1773 775 1851 pomis
790 1774 868 1832 utilis
884 1775 973 1834 arbos.
1105 1805 1145 1844 ιφ

273 1869 302 1912 at
316 1853 430 1912 rabidae
445 1854 532 1930 tigres
547 1854 650 1913 absunt
665 1870 694 1913 et
709 1875 789 1913 saeva
803 1855 920 1915 leonum

273 1935 391 2005 semina,
405 1955 460 1992 nec
476 1934 592 1992 miseros
606 1936 713 1994 fallunt
728 1935 840 1994 aconita
853 1936 989 2011 legentes,

273 2035 328 2074 nec
342 2015 417 2092 rapit
431 2015 577 2073 inmensos
592 2016 674 2074 orbes
688 2038 739 2095 per
752 2018 885 2088 humum,
899 2037 992 2094 neque
1007 2031 1094 2076 tanto-

273 2113 422 2174 squameus
437 2095 468 2153 in
484 2096 588 2174 spiram
603 2113 696 2156 tractu
712 2118 740 2156 se
755 2097 867 2174 colligit
881 2098 989 2174 anguis.

274 2176 345 2235 adde
360 2189 403 2235 tot
417 2177 540 2252 egregias
556 2177 639 2235 urbes
655 2199 830 2256 operumque
846 2178 981 2252 laborem,

273 2273 316 2316 tot
331 2273 466 2332 congesta
480 2278 568 2317 manu
583 2259 742 2337 praeruptis
757 2259 861 2336 oppida
875 2261 946 2318 saxis

273 2337 450 2416 fluminaque
463 2339 596 2418 antiquos
611 2340 707 2398 subter
721 2340 845 2398 labentia
859 2359 964 2398 muros.

273 2439 309 2478 an
324 2439 401 2477 mare
417 2419 494 2498 quod
508 2441 590 2499 supra
605 2441 772 2490 memorem,
787 2420 920 2498 quodque
934 2420 1026 2478 adluit
1039 2419 1134 2479 infra?

273 2519 348 2558 anne
363 2501 441 2559 lacus
455 2505 567 2559 tantos?
609 2516 649 2572 te,
663 2501 729 2559 Lari
744 2499 877 2572 maxime,
893 2517 987 2578 teque,

273 2579 407 2639 fluctibus
422 2595 452 2639 et
466 2581 583 2641 fremitu
599 2581 750 2658 adsurgens
765 2580 879 2639 Benace
893 2581 1022 2639 marino?
1106 2601 1143 2641 160

274 2681 309 2719 au
324 2681 482 2722 memorem
497 2679 594 2738 portus
610 2662 796 2739 Lucrinoque
811 2661 906 2720 addita
920 2663 1041 2722 claustra

274 2757 358 2819 atque
373 2743 554 2818 indignatum
569 2743 679 2819 magnis
695 2743 859 2801 stridoribus
874 2763 988 2821 aequor,

274 2821 348 2880 Iulia
361 2844 417 2901 qua
431 2838 521 2900 ponto
535 2823 620 2900 longe
637 2839 718 2882 sonat
733 2825 811 2883 unda
825 2825 920 2883 refuso

254 2915 257 2924 “
274 2902 500 2982 Tyrrhenusque
515 2905 594 2962 fretis
609 2904 769 2963 inmittitur
783 2921 873 2964 aestus
886 2905 1028 2964 Auernis?

273 2984 345 3040 haec
361 2983 460 3042 eadem
475 2985 585 3061 argenti
600 2985 674 3043 rivos
691 2986 818 3064 aerisque
833 2986 949 3044 metalla

273 3063 398 3122 ostendit
412 3066 490 3123 venis
506 3081 591 3143 atque
606 3087 674 3124 auro
690 3066 814 3143 plurima
828 3066 923 3126 fluxit.

273 3145 345 3202 haec
360 3164 449 3220 genus
465 3166 529 3204 acre
544 3147 648 3220 virum,
666 3147 778 3204 Marsos
793 3147 956 3226 pubemque
972 3146 1121 3219 Sabellam,

273 3224 480 3304 adsuetumque
495 3227 571 3285 malo
585 3227 731 3302 Ligurem,
747 3228 925 3306 Volscosque
940 3243 1051 3285 verutos

271 3305 397 3378 extulit;
418 3307 488 3365 baec
504 3307 621 3379 Decios,
638 3308 757 3379 Marios,
771 3328 945 3387 magnosque
961 3306 1106 3378 Camillos,

598 3415 644 3464 134
660 3401 770 3462 adprima.
