2562 4114
480 1217 603 1276 LIBER
623 1214 913 1276 DUODECIMUS

287 1377 415 1436 Tuarsus
429 1393 462 1437 ut
476 1378 615 1438 infractos
630 1379 749 1438 adverso
764 1378 861 1436 Marte
875 1377 995 1437 Latinos

286 1459 427 1517 defecisse
441 1459 530 1530 videt,
546 1480 596 1517 sua
610 1479 690 1518 nunc
703 1459 840 1538 promissa
854 1458 975 1536 reposci,

285 1559 315 1596 se
330 1537 433 1612 signari
448 1539 551 1609 oculis,
567 1539 644 1597 ultro
658 1537 839 1616 inplacabilis
854 1539 943 1610 ardet,

285 1618 453 1695 attollitque
468 1618 589 1678 animos.
633 1619 798 1677 Poenorum
811 1618 903 1698 qualis
918 1619 948 1676 in
964 1620 1035 1677 arvis

285 1698 397 1757 saucius
413 1698 465 1756 ille
479 1699 555 1774 gravi
569 1713 729 1758 venantum
743 1700 863 1758 vulnere
875 1713 976 1778 pectus

285 1796 349 1838 tum
363 1779 482 1838 demum
498 1795 595 1838 movet
610 1800 688 1838 arma
701 1780 758 1851 leo,
773 1781 935 1860 gaudetque
950 1795 1103 1840 comantes

284 1860 435 1919 excutiens
450 1860 563 1919 cervice
579 1876 664 1932 toros,
681 1860 828 1941 fixumque
842 1861 961 1920 latronis

285 1940 435 2019 inpavidus
450 1939 556 2018 frangit
572 1942 676 2012 telum,
691 1958 721 2000 et
734 1941 832 2000 fremit
846 1962 894 2000 ore
909 1959 1053 2001 cruento:

285 2021 363 2080 haud
377 2040 458 2081 secus
473 2041 596 2081 accenso
612 2022 707 2098 gliscit
721 2022 857 2080 violentia
872 2023 984 2081 Turno.

285 2117 349 2162 tum
364 2102 404 2160 sic
419 2102 532 2162 adfatur
547 2122 654 2179 regem,
671 2119 757 2183 atque
772 2103 812 2163 ita
826 2103 957 2162 turbidus
972 2103 1061 2163 infit:
1131 2137 1156 2164 ιο

264 2182 366 2240 ‘nulla
393 2202 474 2241 mora
502 2183 532 2242 in
563 2183 690 2255 Turn03
718 2183 793 2242 nihil
817 2199 868 2256 est,
894 2183 972 2261 quod
999 2184 1081 2244 dicta
1108 2207 1154 2246 re-

368 2277 494 2324 tractent

284 2341 380 2418 ignavi
393 2346 555 2416 Aeneadae,
572 2365 636 2419 nec,
652 2366 725 2425 quae
739 2346 884 2425 pepigere,
897 2361 1043 2406 recusent.

285 2423 463 2498 congredior.
507 2427 550 2484 fer
562 2446 650 2499 sacra,
665 2443 756 2506 pater,
770 2443 798 2485 et
814 2426 936 2506 concipe
950 2426 1063 2486 foedus.

284 2519 334 2562 aut
347 2506 401 2563 hac
417 2506 596 2566 Dardanium
612 2509 710 2567 dextra
726 2509 779 2566 sub
793 2509 915 2566 Tartara
928 2509 1052 2579 mittam,

283 2583 456 2645 desertorem
471 2587 726 2658 Asiae,-sedeant
741 2603 932 2670 spectentque
945 2589 1088 2648 Latini—

285 2679 315 2723 et
329 2666 405 2725 solus
420 2666 495 2726 ferro
509 2668 619 2728 crimen
635 2691 790 2731 commune
804 2671 935 2730 refellam
947 2695 956 2738 3

284 2759 333 2803 aut
347 2747 452 2806 habeat
466 2749 567 2822 victos,
584 2752 669 2810 cedat
683 2753 804 2812 Lavinia
817 2751 965 2811 coniunx?

324 2827 376 2884 olli
392 2829 490 2887 sedato
504 2832 654 2910 respondit
668 2833 753 2892 corde
768 2833 889 2891 Latinus
904 2856 911 2892 :

265 2909 309 2998 ‘o'
316 2922 460 2983 praestans
477 2911 566 2970 animi
581 2911 701 2983 iuvenis,
716 2929 858 2993 quantum
873 2914 933 2994 ipsc
948 2913 1038 2973 feroci

283 3002 391 3047 virtute
408 3009 567 3070 exsuperas,
583 3006 666 3050 tanto
681 3015 728 3052 me
743 2995 890 3073 inpensius
906 3015 1031 3074 aequum
1046 3010 1091 3056 est
1127 3025 1155 3053 ao

284 3069 435 3127 consulere
450 3085 535 3149 atque
550 3092 649 3131 omnes
664 3089 844 3135 metuentem
860 3074 1022 3153 expendere
1037 3095 1130 3135 casus.

285 3163 352 3206 sunt
368 3147 420 3207 tibi
436 3171 522 3227 regna
536 3152 623 3231 patris
639 3154 748 3227 Dauni,
763 3170 831 3213 snnt
845 3156 951 3234 oppida
965 3171 1049 3233 capta

284 3228 376 3286 multa
392 3248 503 3299 mann;
525 3253 579 3291 nec
597 3254 657 3292 non
677 3255 836 3314 aurumque
856 3236 1026 3315 animusque
1042 3236 1153 3294 Latino

366 3325 417 3368 est.
468 3343 474 3356 ·

284 3403 352 3448 sunt
366 3388 439 3449 aliae
454 3389 596 3468 innuptae
610 3395 696 3456 Latio
711 3411 741 3456 et
755 3396 949 3458 Laurentibus
964 3397 1045 3473 agris,
