2558 4112
432 377 598 427 AENEIDOS
616 377 679 428 LIB.
695 379 722 428 Π
961 336 969 350 .
987 397 1032 444 123

162 509 210 569 hei
226 509 310 580 mihi,
325 507 413 587 qualis
429 509 506 568 erat!
530 524 669 586 quantum
684 525 806 569 mutatus
821 511 923 570 abillo

162 592 303 660 Hectore,
317 589 365 668 qui
382 589 454 648 redit
467 588 582 650 exuvias
598 588 715 650 indutus
729 591 849 662 Achilli,

162 672 207 731 vel
221 671 357 730 Danaum
374 669 508 746 Phrygios
523 668 661 729 iaculatus
675 672 824 764 puppibus
832 671 931 750 ignes!

162 753 340 832 squalentem
356 751 481 821 barbam,
495 765 523 809 et
537 767 687 810 concretos
702 753 838 828 sanguine
852 753 956 825 crines,

161 834 357 925 vulneraque
351 831 400 890 illa
414 851 525 907 gerens,
560 851 611 890 uae
627 831 738 891 circum
751 833 875 910 plurima
889 854 984 893 muros

161 913 273 991 accepit
287 911 400 1005 patrios.
443 913 519 971 ultro
533 853 626 971 fiens
618 933 677 991 ipse
692 912 807 972 videbar

162 993 375 1071 compellare
348 1013 453 1063 vuum,
468 1007 497 1052 et
511 1009 628 1054 maestas
643 1012 810 1071 expromere
824 1014 928 1056 voces:
992 1012 1031 1055 aso

141 1083 178 1134 ‘o
193 1076 244 1133 lux
258 1073 430 1143 Dardaniae,
444 1093 506 1150 spes
520 1095 537 1132 o
551 1073 685 1132 fidissima
699 1073 860 1146 Teucrum,

161 1175 233 1235 quae
247 1170 342 1214 tantae
357 1169 476 1213 tenuere
491 1158 606 1214 morae?
627 1154 730 1233 quibus
745 1154 857 1214 Hector
870 1156 907 1215 ab
919 1155 973 1215 oris

161 1251 323 1313 exspectate
338 1235 440 1294 venis?
461 1250 494 1294 ut
506 1234 536 1294 'te
550 1251 613 1313 post
626 1235 718 1294 multa
732 1251 847 1296 tuorum

161 1317 271 1387 funera,
285 1330 348 1394 post
362 1315 454 1374 varios
442 1315 677 1435 hominumque
692 1317 824 1396 urbisque
839 1317 948 1376 labores

160 1396 261 1457 defessi
276 1394 449 1474 aspicimus!
473 1417 544 1474 quae
560 1417 642 1456 causa
656 1397 775 1474 indigna
789 1419 899 1458 serenos

160 1477 285 1537 foedavit
298 1479 417 1538 vultus?
438 1493 486 1537 aut
501 1499 553 1537 cur
568 1478 646 1537 haec‘
653 1480 772 1538 vulnera
786 1500 893 1539 cerno.
888 1477 913 1524 θ’

77 1596 83 1610 ·
160 1559 209 1618 ille
224 1560 309 1631 nihil,
324 1580 378 1620 uec
394 1580 440 1618 me
455 1574 639 1653 quaerentem
654 1579 726 1618 vana
740 1576 876 1630 moratur,

160 1641 208 1700 sed
222 1639 343 1718 graviter
356 1641 479 1718 gemitus
494 1639 553 1699 imo
565 1640 602 1716 de
616 1656 732 1718 pectore
746 1641 867 1733 ducens)

139 1723 235 1781 ‘heu.
229 1721 235 1763 ¹
259 1722 336 1798 fuge,
350 1737 416 1792 nate
430 1721 492 1793 dea,
506 1736 592 1800 teque
606 1719 668 1792 his,’
683 1721 755 1791 ait‚‘
765 1721 843 1798 eripe
857 1720 989 1780 flammis.

158 1801 246 1862 hostis
260 1802 345 1861 habet
360 1800 799 1872 muros3ruitaltoacu1miue
814 1801 914 1868 Troia.
989 1829 1028 1872 290

159 1900 199 1942 sat
212 1880 320 1962 patriae
336 1882 506 1976 Priamoque
521 1881 629 1950 datum.
671 1902 694 1939 s1
686 1881 845 1958 Pergama
859 1882 958 1945 dextra

157 1964 275 2024 defendi
290 1978 414 2042 possent,
429 1963 515 2030 etiam
530 1964 582 2021 hac
597 1961 715 2021 defensa
728 1961 857 2022 fuissent.

159 2067 235 2104 sacra
250 2064 370 2123 suosque
384 2044 437 2104 tibi
453 2044 635 2103 commendat
650 2043 739 2102 Troia
755 2044 895 2112 Penates3

157 2127 209 2186 hos
223 2146 294 2204 cape
308 2126 432 2184 fatorum
447 2124 588 2192 comites3
607 2123 652 2182 his
667 2125 780 2184 moenia
794 2145 897 2229 quaere

157 2227 270 2301 magna,
284 2221 427 2286 pererrato
441 2220 544 2265 statues
558 2225 631 2283 quae
645 2205 771 2283 denique
784 2203 893 2283 ponto.¹

157 2288 197 2347 sic
213 2288 262 2360 ait,
276 2302 306 2347 et
320 2286 451 2347 manibus
465 2284 548 2345 vittas
561 2286 736 2364 Vestamque
750 2301 897 2378 potentem

158 2386 362 2449 aeternumque
377 2367 484 2461 adytis
480 2367 562 2426 effert
576 2365 789 2457 penetralibus
781 2385 888 2441 rgnern.

198 2449 331 2508 diverso
323 2464 432 2508 interea
446 2448 604 2508 miscentur
618 2444 731 2506 moenia
745 2446 847 2505 luctu·
839 2491 848 2516 ,

158 2544 188 2589 et
201 2529 291 2607 magis
305 2545 390 2610 atque
404 2529 502 2605 magis,
537 2548 689 2608 uamquam
703 2541 810 2586 secreta
824 2525 949 2604 parentis

156 2611 302 2670 Anchisae
317 2611 418 2669 domus
433 2551 633 2689 arboribusque
649 2609 762 2668 obtecta
775 2606 899 2678 recessit,
988 2635 1028 2676 ιω

158 2691 323 2750 clarescunt
336 2691 453 2761 sonitus,
469 2709 670 2769 armorumque
685 2688 793 2766 ingruit
806 2689 913 2746 horror.

158 2771 289 2832 excutior
303 2791 414 2843 somno,
429 2786 457 2830 et
471 2791 576 2830 summr
568 2770 701 2847 fastigia
715 2769 784 2828 tecti
861 2795 863 2800 ·

158 2872 276 2944 ascensu
290 2873 402 2930 supero,
417 2868 501 2945 atque
515 2850 630 2910 arrectis
645 2850 758 2910 auribus
771 2849 872 2920 adsto,

158 2932 188 2990 in
204 2948 330 3009 segetem
344 2932 434 2992 veluti
449 2953 516 2992 curn
531 2931 646 2990 flamma
659 2930 820 2991 furentibus
833 2928 945 2989 Austris

158 3011 273 3085 incidit,
287 3030 336 3072 aut
349 3013 463 3092 rapidus
477 3028 614 3072 montano
627 3011 746 3070 flumine
761 3026 869 3071 torrens

158 3094 260 3154 sternit
274 3114 360 3170 agros,
377 3093 477 3153 sternit
491 3109 548 3153 sata
562 3093 634 3152 laeta
649 3092 792 3185 boumque
807 3091 925 3163 labores,

159 3174 389 3268 praecipitesque
398 3175 485 3234 trahit
500 3174 592 3244 silvas,
606 3187 701 3251 stupet
714 3171 820 3232 inscius
834 3173 892 3232 alto

158 3254 302 3333 accipiens
317 3256 443 3315 sonitum
456 3275 516 3314 saar
508 3254 566 3313 de
580 3254 689 3312 vertice
703 3269 805 3331 pastor.

159 3349 220 3394 tum
235 3356 303 3395 vero
317 3337 466 3396 manifesta
480 3335 560 3407 fides,
573 3334 764 3413 Danaumque
779 3346 929 3412 patescunt

159 3415 286 3479 insidiae.
328 3417 384 3476 iam
398 3416 545 3494 Deiphobi
560 3416 638 3475 dedit
652 3417 747 3495 ampla
760 3415 873 3474 ruinam
988 3439 1026 3480 310
