2558 4112
448 371 614 420 AENEIDOS
632 373 695 422 LIB.
712 375 725 424 l

149 503 151 510 ’
174 502 256 562 ducit
269 500 483 560 Amazonidum
498 500 602 560 lunatis
617 502 728 576 agmina
742 503 827 580 peltis
1004 535 1044 574 ⁴90

176 581 359 642 Penthesilea
373 582 479 652 furens,
496 582 653 660 mediisque
668 583 698 642 in
714 583 830 642 milibus
844 585 932 656 ardet,

176 684 260 723 aurea
274 662 447 722 subnectens
462 678 588 721 exsertae
604 663 719 740 cingula
733 684 884 736 mammae,

176 743 320 814 bellatrix,
334 743 477 822 audetque
491 743 558 801 viris
572 763 742 826 concurrere
758 745 847 826 virgo.

216 827 287 883 haec
302 824 372 883 dum
387 823 533 883 Dardanio
547 824 664 883 Aeneae
679 824 807 883 miranda
821 825 955 886 videntur

175 906 245 964 dum
260 919 355 983 stupet
370 905 530 984 obtutuque
545 906 643 963 haeret
657 905 766 964 defixus
780 905 811 964 in
827 927 893 977 uno,

175 986 272 1061 regina
286 986 321 1044 ad
336 985 489 1063 templum,
502 985 593 1044 forma
607 986 802 1064 pulcherrima
815 986 902 1056 Dido,

175 1066 292 1126 incessit
306 1085 408 1141 magna
422 1066 560 1124 iuvenum
576 1066 698 1145 stipante
712 1083 834 1126 caterva.

175 1146 267 1227 qualis
281 1146 311 1204 in
327 1147 450 1206 Eurotae
465 1146 532 1223 ripis
546 1164 595 1206 aut
609 1166 661 1224 per
674 1147 739 1223 iuga
754 1147 865 1224 Cynthi

175 1242 292 1287 exercet
306 1226 400 1286 Diana
414 1229 523 1296 choros,
539 1247 625 1305 quam
640 1226 721 1286 mille
735 1244 849 1287 secutae

175 1308 245 1368 hinc
260 1323 345 1386 atque
359 1308 429 1366 hinc
444 1308 640 1384 glomerantur
651 1309 777 1368 Oreades
790 1333 799 1380 3
818 1309 869 1367 illa
882 1310 1043 1387 pharetram

176 1390 231 1448 fert
245 1408 354 1459 umero,
369 1389 556 1468 gradiensque
571 1389 637 1448 deas
652 1389 846 1467 supereminet
860 1409 981 1461 omnes3
1005 1419 1042 1458 501

175 1471 302 1529 Latonae
316 1470 437 1529 tacitum
450 1485 645 1548 pertemptant
658 1470 760 1546 gaudia
774 1487 894 1548 pectus:

176 1551 240 1609 talis
254 1566 315 1609 erat
328 1549 415 1621 Dido,
431 1551 519 1609 talem
533 1570 563 1609 se
577 1551 651 1610 laeta
665 1551 774 1610 ferebat

175 1652 226 1710 per
240 1631 358 1701 medios,
373 1631 481 1690 instans
495 1631 574 1708 operi
590 1631 740 1709 regnisque
755 1631 868 1692 futuris.

176 1729 239 1771 tum
253 1711 361 1771 foribus
375 1712 468 1783 divae,
482 1712 577 1770 media
592 1711 736 1771 testudine
751 1712 862 1790 templi,

176 1809 270 1872 saepta
284 1793 378 1863 armis,
392 1793 520 1871 solioque
534 1793 592 1851 alte
606 1792 728 1850 subnixa
740 1793 855 1852 resedit.

175 1874 237 1942 iura
250 1874 336 1933 dabat
350 1874 482 1952 legesque
497 1872 572 1943 viris,
589 1892 764 1952 operumque
779 1873 905 1932 laborem

176 1955 302 2032 partibus
316 1954 455 2033 aequabat
469 1953 548 2012 iustis
564 1969 612 2012 aut
627 1970 700 2012 sorte
715 1954 865 2022 trahebat;
956 2011 959 2018 ,

177 2055 244 2095 cum
258 2035 353 2094 subito
366 2036 480 2094 Aeneas
494 2055 638 2094 concursu
653 2035 788 2094 a'ccedere
803 2055 907 2111 magno

175 2117 292 2174 Anthea
304 2117 523 2194 Sergestumque
535 2115 613 2174 videt
623 2116 784 2195 fortemque
796 2116 985 2187 Cloanthum,
1006 2143 1045 2184 ςιο

176 2198 417 2276 Teucrorumque
431 2197 508 2266 alios,
524 2211 583 2255 ater
598 2216 667 2275 quos
682 2216 803 2274 aequore
818 2197 902 2255 turbo

176 2277 332 2356 dispulerat
345 2278 517 2356 penitusque
533 2277 598 2335 alias
613 2293 745 2336 avexerat
758 2298 828 2337 oras.

176 2358 315 2436 obstipuit
329 2358 413 2417 simul
429 2357 489 2436 ipse
503 2358 588 2416 simul
604 2377 752 2435 percussus
766 2358 892 2415 Achates

177 2439 342 2518 laetitiaque
356 2455 514 2518 metuque:
536 2438 611 2498 avidi
626 2437 801 2513 coniungere
814 2437 927 2497 dextras

177 2520 323 2590 ardebant,
338 2520 389 2578 sed
401 2540 445 2579 res
459 2520 568 2579 animos
583 2518 730 2594 incognita
744 2518 849 2578 turbat.

177 2601 356 2660 dissimulant
370 2615 399 2660 et
413 2600 490 2659 nube
506 2619 574 2659 cava
588 2601 772 2678 speculantur
785 2598 893 2670 amicti,

178 2703 250 2760 quae
264 2683 380 2740 fortuna
393 2681 468 2752 viris,
484 2682 602 2741 classem
617 2702 676 2759 quo
689 2681 772 2740 litore
786 2680 931 2759 linquant,

178 2763 248 2841 quid
262 2762 400 2823 veniant:
421 2762 535 2822 cunctis
549 2782 617 2821 nam
632 2762 702 2822 lecti
716 2761 835 2821 navibus
849 2761 930 2820 ibant

178 2859 290 2902 orantes
305 2844 429 2913 veniam,
444 2859 473 2902 et
487 2844 630 2922 templum
645 2844 770 2903 clamore
783 2842 930 2921 petebant.

218 2940 369 3001 postquam
383 2924 543 3000 introgressi
559 2939 589 2984 et
603 2944 698 2983 coram
713 2924 777 2982 data
790 2923 873 3001 copia
887 2923 977 2993 fandi,
1007 2949 1046 2990 sao

179 3005 319 3064 maximus
334 3004 463 3064 Ilioneus
476 3004 591 3083 placido
604 3005 644 3063 sic
660 3019 775 3082 pectore
790 3003 906 3081 coepit:

153 3090 163 3117 ‘
177 3105 193 3142 o
207 3085 314 3160 regina,
330 3105 433 3145 novam
448 3085 495 3145 cui
510 3085 634 3144 condere
649 3083 781 3164 Iuppiter
794 3083 895 3143 urbem

179 3165 342 3244 iustitiaque
356 3166 436 3226 dedit
449 3181 548 3242 gentes
563 3166 674 3224 frenare
688 3164 829 3242 superbas,

180 3245 272 3304 Troes
287 3262 315 3305 te
329 3246 436 3318 miseri,
451 3247 545 3305 ventis
558 3247 646 3306 maria
659 3245 756 3305 omnia
769 3245 856 3316 vecti,

180 3345 313 3386 oramus:
333 3327 452 3405 prohibe
467 3327 598 3388 infandos
612 3348 628 3386 a
642 3327 761 3387 navibus
776 3327 865 3404 ignes,

390 3437 436 3488 513
455 3429 578 3490 perculsus.
646 3424 691 3488 518
710 3425 796 3473 cuncti.
