2558 4112
1250 53 1265 233 l

274 381 318 429 ψ
544 365 571 414 1³.
588 363 731 412 VERGIM
749 363 907 413 Maaours
1262 364 1267 506 q

312 495 368 555 iam
384 493 516 553 flammae
530 493 650 552 tulerint
664 493 799 552 inimicus
814 509 843 552 et
857 493 987 553 hauserit
996 495 1079 556 ensis.
1143 517 1181 558 roo

312 596 372 634 non
387 574 441 634 tibi
455 573 629 652 Tyndaridis
644 574 731 632 facies
745 574 836 632 invisa
850 575 1007 646 Lacaenae,

312 657 479 734 culpatusve
496 655 580 726 Paris,
596 655 693 714 divom
708 656 903 726 inclementia,
919 656 1025 726 divom,

311 739 361 796 has
376 737 477 794 evertit
491 757 568 815 opes,
583 737 741 815 sternitque
755 757 771 794 a
785 737 913 796 culmine
929 737 1058 798 Troiam.

312 816 571 897 aspice—namque
586 837 712 889 omnem,
729 837 800 897 quae
814 837 895 876 nunc
910 816 1035 878 obducta
1049 821 1145 880 tuenti

312 899 444 958 mortales
459 899 575 956 hebetat
589 897 664 973 visus
677 898 729 956 tibi
745 914 774 957 et
789 898 886 957 umida
900 899 1010 958 circum

313 979 426 1054 caligat,
440 977 548 1038 nubem
563 978 702 1057 eripiam:
724 993 755 1038 tu
770 999 807 1037 ne
822 999 877 1056 qua
890 981 1016 1056 parentis

313 1059 384 1118 iussa
400 1059 480 1131 time,
494 1079 551 1118 neu
566 1059 724 1137 praeceptis
738 1077 836 1136 parere
852 1079 992 1118 recusa-

312 1141 370 1212 hic,
386 1141 435 1198 ubi
450 1140 579 1199 disiectas
595 1142 683 1198 moles
698 1141 850 1219 avulsaque
865 1141 936 1198 saxis

311 1242 378 1280 saxa
391 1222 477 1293 vides,
493 1221 640 1300 mixtoque
655 1223 814 1294 undantem
828 1221 945 1300 pulvere
960 1222 1083 1294 fumum,

313 1303 469 1379 Neptunus
483 1323 577 1361 muros
593 1323 752 1382 magnoque
767 1318 862 1362 emota
878 1303 994 1362 tridenti
1142 1321 1180 1362 610

286 1382 288 1389 ’
312 1383 500 1440 fundamenta
515 1383 616 1460 quatit,
631 1398 777 1462 totamque
792 1405 808 1442 a
821 1383 933 1442 sedibus
948 1384 1048 1444 urbem

313 1463 396 1522 eruit.
438 1463 486 1521 hic
501 1465 577 1521 Iuno
593 1465 691 1523 Scaeas
706 1464 865 1523 saevissima
879 1479 973 1542 portas

312 1544 404 1622 prima
418 1560 507 1615 tenet,
524 1544 689 1625 sociumque
704 1546 802 1604 furens
816 1567 831 1604 a
846 1545 966 1604 navibus
980 1563 1081 1622 agmen

313 1626 389 1684 ferro
402 1625 533 1684 accincta
547 1641 639 1684 vocat.

312 1707 369 1765 iam
383 1725 506 1764 summas
521 1727 598 1764 arces
613 1705 755 1777 Tritonia,
771 1706 890 1784 respice,
907 1707 996 1766 Pallas

312 1787 425 1858 insedit,
442 1786 542 1846 nimbo
557 1788 697 1864 effulgens
712 1803 741 1847 et
755 1788 892 1864 Gorgone
907 1808 997 1847 saeva.
1077 1853 1078 1856 Ἴ

312 1869 371 1947 ipse
388 1869 471 1927 Pater
484 1868 591 1926 Danais
607 1867 714 1928 animos
729 1867 858 1948 viresque
873 1869 1009 1941 secundas

312 1949 436 2018 sufficit;
457 1949 518 2026 ipse
532 1949 622 2007 deos'
615 1971 645 2008 rn
660 1949 794 2008 Dardana
808 1950 923 2009 suscitat
937 1970 1024 2008 arma.

313 2030 400 2107 eripe,
416 2045 490 2098 nate,
507 2031 612 2104 fugam,
627 2029 796 2109 finemque
787 2048 895 2110 inpone
909 2031 1009 2090 labori.
1152 2083 1156 2094 .

312 2129 452 2188 nusquam
467 2109 559 2202 abero,
575 2127 605 2169 et
619 2127 716 2170 tutum
730 2112 821 2189 patrio
835 2127 864 2170 te
879 2111 1015 2170 limine'
995 2109 1108 2170 srstam!
1140 2128 1181 2169 σω

311 2191 443 2261 dixerat,
464 2207 492 2249 et
507 2191 598 2269 spissis
614 2192 706 2251 noctis
722 2213 751 2252 se
765 2192 895 2251 condidit
909 2193 1026 2252 umbris.

312 2286 448 2350 apparent
462 2270 539 2330 dirae
554 2272 671 2342 facies,
663 2273 837 2353 inimicaque
852 2264 959 2331 Troiae

312 2353 431 2410 numina
445 2372 547 2428 magna
561 2352 657 2413 deum.

353 2450 415 2492 tum
429 2454 497 2492 vero
511 2454 597 2492 omne
613 2434 684 2492 mihi
699 2434 791 2492 visum
806 2433 975 2493 considere
967 2453 998 2492 1n
1013 2433 1092 2510 ignes

312 2514 409 2586 Ilium,
425 2531 455 2573 et
470 2535 504 2572 ex
521 2514 579 2573 imo
593 2514 665 2573 verti
681 2515 832 2594 Neptunia
846 2515 957 2585 Troia3

312 2615 344 2653 ac
361 2595 450 2653 veluti
465 2595 583 2654 summis
597 2596 743 2674 antiquam
757 2596 788 2654 iu
804 2595 950 2655 montibus
964 2613 1068 2654 ornum

312 2695 379 2734 cum
394 2677 468 2734 ferro
483 2675 604 2735 accisam
619 2677 781 2756 crebrisque
797 2676 970 2755 bipennibus
985 2676 1092 2735 instant

312 2776 410 2815 eruere
424 2756 563 2832 agricolae
578 2757 731 2828 certatim,
723 2782 730 2795 ·
752 2757 802 2816 illa
816 2778 905 2837 usque
919 2757 1045 2816 minatur

312 2852 341 2896 et
356 2839 523 2897 tremefacta
537 2857 649 2896 comam
664 2857 802 2898 concusso
816 2838 923 2920 vertice
938 2853 1031 2909 nutat,

312 2918 477 2977 vulneribus
492 2918 584 2977 donec
599 2919 737 2998 paulatim
752 2918 844 2978 evicta
858 2938 1024 3012 supremum
1142 2933 1183 2984 630

312 2999 477 3074 congemuit
492 2999 634 3077 traxitque
649 2999 720 3074 iugis
736 3001 830 3058 avulsa
845 3000 966 3058 ruinam.

311 3079 462 3150 descendo,
479 3100 511 3139 ac
525 3081 653 3139 ducente
667 3081 721 3140 deo
735 3079 901 3138 flammam
893 3095 970 3139 mter
985 3095 1013 3138 et
1027 3079 1121 3136 hostes

312 3158 470 3236 expedior3
491 3161 560 3220 dant
571 3163 633 3221 tela
647 3162 752 3230 locum,
768 3159 957 3239 flammaeque
973 3159 1123 3218 recedunt.

352 3254 437 3318 atque
452 3241 524 3299 ubi
516 3263 572 3302 ram
586 3243 693 3322 patriae
709 3257 879 3319 perventum
895 3242 930 3301 ad
945 3239 1046 3300 limina
1060 3237 1132 3298 sedis

311 3321 499 3400 antiquasque
514 3322 620 3392 domos,
636 3323 757 3398 genitor,
771 3343 857 3402 quem
873 3321 1020 3382 tollerem
1035 3321 1107 3380 altos

562 3417 608 3464 616
626 3416 707 3466 limbo
773 3416 820 3479 632
839 3417 887 3465 dea
