2562 4114
431 360 597 410 Aruernos
614 359 677 409 us.
694 359 719 408 x
981 373 1028 423 309

164 493 271 552 ossibus
286 494 464 551 haerentem.
506 511 593 569 quem
608 510 669 548 non
683 511 768 568 super
782 506 907 569 occupat
921 491 1026 561 Hisbo,

164 575 215 633 ille
229 573 346 652 quidem
360 575 416 632 hoc
431 591 567 650 sperans;
588 592 655 630 nam
671 572 762 630 Pallas
777 587 843 630 ante
857 589 1002 643 ruentem,

164 654 235 713 dum
250 653 328 726 furit,
344 654 494 712 incautum
508 653 618 712 crudeli
634 668 725 711 morte
740 652 854 732 sodalis,

165 735 284 812 excipit,
300 751 385 813 atque
399 754 499 794 ensem
513 734 625 793 tumido
640 733 671 792 in
687 733 826 811 pulmone
840 735 981 794 recondit.

164 816 234 874 hinc
251 816 421 875 Sthenelum
435 815 519 893 petit,
533 829 563 874 et
579 814 684 873 Rhoeti
699 814 734 872 de
749 831 837 890 gente
852 830 963 873 vetusta

164 897 389 968 Anchemolum,
404 896 543 955 thalamos
558 915 659 954 ausum
674 895 812 954 incestare
828 915 977 955 novercae.

165 998 213 1034 vos
228 977 314 1036 etiam
329 976 436 1052 gemini
452 976 567 1036 Rutulis
582 975 725 1035 cecidistis
740 975 770 1033 in
786 975 867 1047 arvis,
994 1005 1032 1045 390

164 1057 289 1128 Daucia,
303 1057 406 1116 Laride
421 1056 644 1136 Thymberque,
657 1055 805 1115 simillima
819 1057 923 1134 proles,

165 1137 321 1197 indiscreta
335 1138 391 1196 suis
405 1153 557 1216 gratusque
573 1137 739 1215 parentibus
754 1156 851 1205 error;

165 1233 195 1277 at
209 1237 289 1278 nunc
302 1219 373 1277 dura
388 1219 469 1277 dedit
482 1218 561 1276 vobis
577 1217 744 1276 discrimina
760 1218 852 1276 Pallas
866 1241 873 1276 z

166 1319 234 1358 nam
250 1299 314 1370 tibi,
328 1299 492 1376 Thymbre,
506 1314 594 1378 caput
609 1298 771 1356 Euandrius
786 1298 989 1386 abstulitensis
1001 1324 1011 1370 3

166 1394 195 1438 te
208 1379 304 1439 decisa
319 1399 413 1451 suum,
428 1379 542 1452 Laride,
560 1380 677 1438 dextera
692 1379 811 1457 quaerit,
919 1385 924 1394 ’

165 1459 403 1538 semianimesque
419 1459 529 1519 micant
544 1460 626 1536 digiti
642 1460 807 1538 ferrumque
821 1475 987 1520 retractant.

164 1541 299 1612 Arcadas,
314 1561 447 1600 accensos
461 1541 575 1600 monitu
591 1557 620 1599 et
633 1542 780 1619 praeclara
794 1556 909 1600 tuentes

166 1621 242 1680 facta
256 1621 319 1693 viri,
334 1622 440 1681 mixtus
454 1622 536 1681 dolor
550 1639 579 1682 et
593 1622 687 1700 pudor
701 1637 791 1680 armat
806 1622 836 1681 in
851 1624 956 1682 hostes.

166 1717 229 1762 tum
245 1703 338 1761 Pallas
354 1702 454 1780 biiugis
469 1703 630 1778 fugientem
647 1703 777 1762 Rhoetea
790 1720 901 1780 praeter

165 1783 268 1843 traicit.
310 1785 365 1842 hoc
381 1785 503 1860 spatium
518 1799 690 1860 tantumque
705 1803 800 1842 morae
815 1783 870 1841 fuit
885 1783 951 1852 1103
995 1812 1033 1850 φο

165 1861 212 1922 Ilo
226 1883 352 1942 namque
367 1865 468 1942 procul
483 1863 608 1922 validam
623 1862 773 1920 derexerat
787 1864 895 1921 hastam
910 1885 917 1920 ε

165 1964 253 2022 quam
268 1944 379 2002 medius
394 1944 541 2002 Rhoeteus
556 1943 717 2021 intercipit,
732 1942 841 2022 optime
855 1943 997 2014 Teuthra,

166 2039 195 2083 te
210 2023 333 2100 fugiens,
348 2024 521 2101 fratremque
536 2023 640 2100 Tyren
654 2047 664 2094 ;
685 2044 828 2102 curruque
844 2023 958 2083 volutus

165 2104 261 2163 caedit
275 2103 450 2162 semianimis
465 2104 643 2162 Rutulorum
658 2105 785 2163 calcibus
799 2125 874 2164 arva.

166 2205 199 2244 ac
214 2185 304 2255 velut,
320 2199 417 2264 optato
431 2183 524 2243 ventis
539 2200 645 2244 aestate
661 2185 775 2256 coortis,

164 2265 289 2343 dispersa
303 2263 427 2324 inmittit
441 2266 518 2324 silvis
533 2265 669 2324 incendia
683 2283 780 2344 pastor
792 2290 802 2334 3

164 2346 302 2424 correptis
316 2347 411 2406 subito
424 2347 525 2406 mediis
540 2347 708 2406 extenditur
722 2367 780 2405 una

164 2426 280 2488 horrida
294 2448 346 2505 per
359 2429 431 2487 latos
447 2429 521 2487 acies
536 2428 682 2487 Vulcania
697 2449 812 2506 campos
825 2453 834 2499 ;

164 2510 215 2569 ille
230 2509 329 2568 sedens
344 2509 437 2568 victor
451 2509 579 2567 flammas
594 2510 741 2587 despectat
755 2525 892 2568 ovantes:

165 2610 226 2650 non
242 2590 325 2649 aliter
339 2590 449 2650 socium
464 2590 553 2649 virtus
569 2590 627 2649 coit
642 2590 735 2649 omnis
750 2590 781 2649 in
797 2611 900 2662 unum,
995 2620 1034 2657 410

166 2686 254 2749 teque
268 2669 356 2743 iuvat,
373 2672 462 2730 Palla.
504 2671 555 2730 sed
569 2672 651 2730 bellis
666 2691 732 2731 acer
746 2670 887 2730 Halaesus

166 2751 261 2810 tendit
275 2751 306 2810 in
321 2752 460 2822 adversos,
475 2771 561 2830 seque
577 2751 607 2810 in
623 2771 673 2811 sua
688 2751 800 2828 colligit
814 2772 900 2810 arma

165 2832 213 2889 hic
229 2847 333 2890 mactat
348 2831 466 2890 Ladona
481 2833 659 2910 Pheretaque
674 2831 933 2910 Demodocumque
946 2856 955 2903 3

168 2913 332 2988 Strymonio
346 2913 478 2972 dextram
491 2913 616 2988 fulgenti
631 2913 736 2991 deripit
751 2933 818 2971 ense

167 2992 273 3050 elatam
288 2992 318 3050 in
333 2992 464 3067 iugulum
476 3018 486 3064 ;
507 2993 577 3052 saxo'
589 2993 655 3051 ferit
669 3014 718 3052 ora
732 2993 885 3065 Thoantis,

167 3092 284 3150 ossaque
298 3073 430 3152 dispersit
444 3074 564 3132 cerebro
577 3073 720 3151 permixta
736 3090 865 3134 cruento.

167 3153 225 3211 fata
240 3173 346 3212 canens
359 3153 435 3212 silvis
450 3153 561 3230 genitor
576 3155 682 3212 celarat
697 3154 854 3214 Halaesum
867 3177 877 3222 ς

168 3248 202 3292 ut
215 3233 310 3292 senior
324 3234 389 3292 leto'
398 3235 533 3294 canentia
546 3234 657 3294 lumina
671 3235 764 3307 solvit,

168 3314 294 3375 iniecere
308 3333 427 3375 manum
443 3316 557 3387 Parcae,
573 3315 694 3394 telisque
709 3332 854 3377 sacrarunt

500 3424 548 3471 4¹7
566 3425 656 3460 cavens.
