2558 4112
448 387 614 437 AENEIDOS
631 388 694 437 LIB.
711 390 724 437 1

175 520 289 598 iamque
305 517 498 576 ascendebant
512 518 627 589 collem,
643 518 691 596 qui
706 518 847 597 plurimus
862 520 924 578 urbi

175 600 302 658 inminet
317 599 500 677 adversasque
515 613 640 676 aspectat
654 599 775 678 desuper
789 619 876 660 arces.

176 681 295 739 miratur
309 680 417 738 molem
431 681 555 750 Aeneas,
569 681 690 756 magalia
704 681 858 759 quondam,

175 761 296 820 miratur
309 777 403 838 portas
418 761 626 840 strepitumque
641 776 669 819 et
684 776 769 820 strata
782 761 902 822 viannn.

176 843 283 901 instant
298 841 428 900 ardentes
443 841 537 918 Tyrii,
552 863 614 919 pars
629 842 734 901 ducere
749 863 844 901 muros

176 923 328 1001 molirique
343 942 438 981 arcem
453 937 482 980 et
496 923 627 981 manibus
642 923 810 982 subvolvere
825 945 900 995 saxa,

175 1025 238 1082 pars
252 1019 348 1081 optare
363 1004 462 1061 locum
477 1019 554 1062 tecto
569 1019 598 1062 et
612 1004 786 1063 concludere
801 1005 902 1074 sulc03

175 1085 237 1143 iura
251 1084 484 1162 magistratusque
499 1084 601 1160 legunt
616 1101 803 1164 sanctumque
819 1101 972 1158 senatum3

175 1165 223 1224 hic
239 1181 335 1243 portus
351 1165 398 1223 alii
414 1164 577 1236 effodiunt3
598 1165 646 1224 hic
663 1167 719 1224 lata
733 1167 849 1225 theatris

176 1246 364 1306 fundamenta
377 1261 483 1323 petunt
497 1246 555 1317 alii,
571 1245 758 1326 inmanesque
774 1248 923 1306 columnas

175 1327 292 1403 rupibus
307 1326 455 1398 excidunt,
471 1327 579 1385 scaenis
594 1327 697 1386 decora
710 1329 766 1385 alta
780 1329 894 1389 futuris.

175 1408 264 1488 qualis
280 1427 344 1485 apes
360 1421 463 1466 aestate
478 1428 552 1465 nova
566 1428 616 1485 per
630 1407 716 1466 florea
729 1429 793 1466 rura
1005 1437 1045 1480 4³⁰

175 1504 291 1546 exercet
305 1487 357 1546 sub
372 1489 430 1546 sole
445 1489 532 1557 labor,
548 1508 616 1547 cum
630 1489 722 1564 gentis
738 1489 848 1549 adultos

175 1569 304 1627 educunt
319 1570 401 1638 fetus,
418 1585 467 1628 aut
481 1589 549 1628 cum
564 1569 704 1647 liquentia
718 1571 805 1630 mella

174 1650 290 1726 stipant,
305 1663 334 1708 e't
348 1649 427 1708 dulci
443 1649 611 1708 distendunt
626 1666 741 1709 nectare
756 1653 852 1723 cellas,

174 1746 223 1788 aut
237 1751 324 1789 onera
339 1729 487 1806 accipiunt
501 1731 682 1802 venientum,
697 1748 745 1790 aut
759 1733 965 1808 agrninefacto

174 1811 309 1888 ignavum
324 1811 405 1870 fucos
419 1831 507 1889 pecus
523 1833 538 1869 a
552 1813 734 1890 praesepibus
748 1829 868 1872 arcent:

174 1892 264 1951 fervet
279 1913 359 1969 opus,
373 1891 564 1971 redolentque
579 1895 680 1968 thymo
695 1893 846 1968 fragrantia
859 1895 956 1954 mella.

156 1979 190 2031 ‘o
204 1973 351 2043 fortunati,
367 1993 490 2052 quorum
505 1973 562 2030 iam
577 1973 692 2031 moenia
707 1990 824 2049 surgunt
837 1972 862 2034 !'

173 2055 286 2112 Aeneas
301 2054 348 2126 ait,
364 2069 393 2112 et
407 2053 517 2129 fastigia
531 2053 648 2131 suspicit
663 2053 751 2114 urbis.

174 2134 260 2194 infert
275 2155 303 2192 se
319 2150 430 2212 saeptus
445 2134 723 2194 nebula-mirabile
737 2135 861 2194 dictu-
957 2129 964 2142 '

173 2236 223 2293 per
238 2215 348 2274 medios
362 2216 520 2295 miscetque
535 2215 611 2284 viris,
627 2235 722 2295 neque
738 2217 865 2276 cernitur
880 2217 943 2277 ulli.
1003 2247 1043 2286 440

213 2297 296 2356 lucus
311 2296 342 2355 in
358 2298 428 2356 urbe
442 2297 499 2356 fuit
513 2296 617 2367 media,
632 2297 801 2354 laetissimus
816 2299 942 2370 umbrae,

174 2397 230 2455 quo
244 2377 371 2456 primum
386 2377 482 2436 iactati
498 2378 582 2436 undis
597 2393 626 2436 et
640 2377 755 2435 turbine
771 2377 860 2436 Poeni

173 2460 298 2517 effodere
313 2459 377 2518 loco
392 2459 516 2533 signnm,
531 2459 608 2536 quod
621 2458 698 2533 regia
712 2459 787 2516 Iuno

173 2556 350 2611 monstrarat,
367 2554 454 2616 caput
469 2539 539 2598 acris
555 2539 643 2619 equi:
664 2539 704 2597 sic
720 2559 787 2597 narn
802 2539 862 2598 fore
877 2540 955 2599 bello

174 2620 315 2695 egregiam
330 2636 359 2678 et
373 2620 489 2679 facilem
504 2620 583 2678 victu
598 2640 649 2697 per
663 2621 775 2678 saecula
789 2636 915 2696 gentem.

172 2701 220 2758 hic
236 2702 380 2780 templum
395 2701 503 2760 Iunoni
518 2701 619 2777 ingens
635 2701 753 2760 Sidonia
767 2701 845 2761 Dido

173 2782 324 2853 condebat,
341 2782 423 2840 donis
438 2784 610 2859 opulentum
626 2797 655 2840 et
670 2782 791 2841 numine
806 2782 896 2852 divae,

173 2883 253 2921 aerea
267 2863 315 2921 cui
329 2863 461 2938 gradibus
477 2864 629 2938 surgebant
644 2863 746 2922 limina
760 2881 908 2942 nexaeque

173 2963 234 3001 aere
251 2943 352 3014 trabes,
368 2944 476 3002 foribus
491 2945 576 3002 cardo
591 2943 727 3002 stridebat
742 2943 826 3002 aenis.

171 3023 226 3081 hoc
241 3025 370 3101 primum
385 3024 416 3082 in
431 3025 498 3083 luco
512 3043 587 3099 nova
600 3045 644 3084 res
659 3025 755 3083 oblata
769 3025 902 3082 timorem
965 3072 968 3078 .
1001 3052 1041 3091 4⁵0

172 3103 277 3172 leniit3
298 3105 346 3163 hic
362 3106 489 3182 primum
502 3106 614 3164 Aeneas
629 3125 739 3182 sperare
755 3106 877 3164 salutem

173 3205 254 3243 ausus
268 3200 297 3243 et
312 3185 433 3244 adflictis
448 3186 550 3245 melius
565 3186 709 3244 confidere
723 3185 818 3244 rebus.

173 3285 297 3343 namque
312 3266 365 3324 sub
379 3267 490 3342 ingenti
505 3267 604 3324 lustrat
618 3267 688 3344 dum
704 3265 814 3341 singula
829 3268 938 3344 templo

172 3345 300 3420 reginam
314 3348 475 3425 opperiens,
490 3347 569 3416 dum,
585 3367 657 3425 quae
671 3347 786 3406 fortuna
801 3348 836 3406 sit
851 3347 923 3417 urbi,

495 3445 542 3507 448
560 3445 678 3508 nixaeque.
