2558 4112
415 338 582 388 AENEIDOS
599 338 663 389 LIB.
679 339 719 387 111
979 353 1021 406 151

155 483 185 528 et
199 488 258 546 quo
272 487 418 546 quemque
432 467 520 527 modo
535 467 683 548 fugiasque
698 469 829 548 ferasque
844 470 983 546 laborem,

155 547 302 626 expediet,
317 568 471 626 cursusque
486 548 567 608 dabit
581 565 717 610 venerata
731 550 919 612 secundos:-
983 571 1023 622 4⁶0

154 631 226 689 haec
242 644 318 701 sunt,
333 649 406 721 quae
421 645 517 688 nostra
532 630 619 689 liceat
634 645 663 690 te
677 652 749 690 voce
764 633 886 692 moneri.

154 709 228 768 vade
243 729 295 786 age
311 725 340 768 et
354 709 505 786 ingentem
520 711 603 770 factis
618 712 663 770 fer
677 711 714 770 ad
728 713 846 772 aethera
861 713 1002 774 Troiam.¹

195 811 269 869 quae
283 805 436 868 postquam
450 807 529 850 vates
544 791 584 851 sic
599 813 649 850 ore
665 793 765 852 effatus
781 793 876 852 amico
890 810 941 867 est,

154 871 231 928 dona
245 871 353 930 debinc
369 893 437 930 auro
451 871 546 948 gravia
561 889 698 966 sectoque
714 875 871 974 elephanto

153 950 278 1029 imperat
292 952 329 1010 ad
343 972 430 1010 naves
445 952 523 1026 ferri,
538 953 683 1032 stipatque
698 953 803 1013 carinis

153 1032 257 1108 ingens
271 1049 423 1108 argentum
437 1033 672 1113 Dodonaeosque
686 1034 805 1108 lebetas,

153 1113 275 1171 loricam
290 1129 454 1172 consertam
468 1114 561 1173 hamis
575 1135 702 1207 auroque
718 1115 853 1189 trilicem,

155 1208 184 1251 et
199 1213 307 1252 conum
322 1192 441 1270 insignis
456 1196 554 1270 galeae
569 1195 725 1274 cristasque
740 1211 899 1289 comantes,

154 1294 232 1332 arma
247 1275 449 1352 Neoptolemi.
493 1291 560 1334 sunt
576 1291 605 1334 et
619 1297 669 1335 sua
683 1276 761 1335 dona
772 1275 899 1355 parenti.

154 1355 234 1414 addit
250 1375 337 1434 equos
352 1355 490 1435 additque
505 1357 603 1430 duces,
984 1387 1023 1426 4⁷0

154 1435 307 1528 remigium
321 1438 447 1515 supplet,
463 1436 554 1497 socios
568 1437 677 1497 simul
669 1437 787 1498 instruit
800 1437 895 1498 armis.

193 1516 306 1576 interea
321 1517 441 1576 classem
455 1517 527 1577 velis
542 1535 641 1597 aptare
656 1518 775 1578 iubebat

151 1583 305 1670 Anchises,
320 1597 404 1657 fieret
417 1613 507 1658 vento
522 1620 602 1658 mora
617 1620 726 1678 nequa
741 1599 858 1659 ferenti.

153 1699 241 1755 quem
258 1678 392 1737 Phoebi
383 1694 526 1757 interpres
542 1681 636 1739 multo
651 1681 809 1759 compellat
823 1682 957 1740 honore:

134 1759 296 1835 ‘coniugi0,
310 1759 449 1834 Anchisa,
464 1760 589 1820 Veneris
603 1761 721 1837 dignate
736 1761 869 1838 superbo,

153 1860 221 1899 cura
234 1840 331 1912 deum,
347 1840 388 1898 bis
406 1841 569 1917 Pergameis
584 1857 683 1918 erepte
698 1839 798 1914 ruinis,

155 1941 222 1979 ecce
238 1921 292 1979 tibi
305 1921 453 1980 Ausoniae
470 1923 577 1983 tellus:
598 1923 674 1982 hanc
690 1921 782 2000 arripe
797 1920 878 1982 velis.

155 2016 183 2061 et
197 2017 295 2061 tamen
310 2003 386 2062 hauc
400 2003 504 2080 pelago
518 2002 730 2081 praeterlabare
744 2022 862 2062 necesse
878 2018 942 2062 est:

153 2083 298 2142 Ausoniae
311 2104 377 2161 pars
390 2084 442 2142 illa
456 2084 568 2162 procul,
585 2104 672 2162 quam
685 2083 787 2161 pandit
800 2085 919 2162 Apollo.

153 2163 244 2236 vade,'
259 2163 309 2236 ait,
325 2169 360 2222 ‘o
375 2164 447 2223 felix
463 2164 525 2222 uati
539 2164 658 2243 pietate.
700 2164 771 2242 quid
786 2165 861 2224 ultra
983 2182 1022 2232 480

152 2245 296 2323 provehor
311 2259 341 2302 et
355 2245 445 2303 fando
460 2261 608 2323 surgentes
623 2245 758 2303 demoror
771 2246 890 2304 Austros
902 2245 930 2302 ι’
1046 2243 1050 2251 ’

153 2344 207 2383 nec
223 2324 318 2383 minus
332 2325 537 2385 Andromache
553 2326 679 2402 digressu
694 2339 800 2384 maesta
815 2345 950 2403 supremo

153 2405 209 2463 fert
223 2405 379 2484 picturatas
393 2406 455 2465 auri
471 2405 653 2482 subtegmine
667 2420 758 2465 vestes

154 2500 182 2544 et
197 2486 351 2564 Phrygiam
365 2487 490 2546 Ascanio
505 2486 700 2565 chlamydem,
714 2507 769 2545 nec
784 2484 864 2544 cedit
877 2486 999 2558 bonore,

153 2567 361 2645 textilibusque
375 2583 478 2626 onerat
491 2568 574 2627 donis
590 2589 622 2628 ac
638 2567 705 2626 talia
719 2567 816 2626 fatur:

132 2647 249 2726 ‘accipe
285 2664 315 2707 et
348 2649 432 2721 baec,
467 2668 607 2709 manuum
643 2648 695 2708 tibi
731 2669 804 2727 quae
839 2647 1020 2708 monimenta

232 2749 362 2788 mearum

150 2807 217 2880 sint,
229 2830 311 2886 puer,
325 2825 353 2868 et
365 2809 485 2885 longum
494 2810 717 2869 Andromachae
727 2825 870 2869 testentur
881 2829 1018 2882 amorem,

149 2889 280 2965 coniugis
295 2890 472 2950 Hectoreae.
515 2911 585 2969 cape
600 2891 677 2949 dona
692 2908 820 2950 extrema
835 2906 960 2963 tuorum,

148 2990 167 3026 ο
182 2969 255 3028 mihi
271 2971 331 3029 sola
345 2971 408 3030 mei
418 2991 503 3048 super
517 2971 698 3048 Astyanactis
713 2971 816 3046 imago.

148 3049 190 3108 sic
205 3051 315 3124 oculos,
331 3051 369 3110 sic
385 3051 437 3110 ille
452 3072 563 3124 manus,
579 3051 619 3109 sic
634 3073 682 3109 ora
697 3051 818 3123 ferebat,
981 3081 1020 3121 490

148 3145 180 3188 et
194 3151 274 3190 nunc
290 3132 403 3210 aequali
419 3148 516 3190 tecum
531 3132 703 3209 pubesceret
716 3132 807 3190 aevo!

145 3211 201 3269 hos
217 3231 270 3287 ego
285 3211 448 3288 digrediens
463 3211 588 3272 lacrimis
602 3211 719 3270 adfabar
733 3211 840 3272 obortis
856 3236 862 3272 :

126 3290 237 3350 ‘vivite
253 3291 365 3365 felices,
380 3293 483 3372 quibus
499 3308 541 3352 est
555 3293 673 3352 fortuna
686 3312 802 3371 peracta

304 3397 351 3448 475
370 3385 631 3436 Anchisae=Anchise
664 3385 714 3448 484
729 3386 821 3436 honori.
