2558 4112
246 375 278 437 7⁶

520 376 547 424 Ρ.
564 375 708 424 VERGILI
726 375 884 423 MARONIS

286 503 424 584 pontibus
438 518 471 562 ut
485 503 592 562 crebris
607 503 714 581 possint
729 505 883 564 consistere
898 520 927 564 et
941 507 998 564 alas

287 586 414 664 pandere
428 584 464 642 ad
478 584 618 643 aestivum
633 585 730 658 solem,
746 585 769 643 si
784 585 858 644 forte
872 603 1015 646 morantes

286 665 418 745 sparserit
432 680 482 724 aut
496 685 630 742 praeceps
646 665 789 744 Neptuno
803 666 968 726 inmerserit
982 668 1085 729 Eurus.

285 749 358 806 haec
373 747 484 804 circum
499 746 590 805 casiae
606 746 710 805 virides
725 761 754 806 et
767 747 876 806 olentia
889 748 948 806 late
1128 779 1154 818 30

286 826 413 905 serpulla
427 841 457 885 et
471 826 596 903 graviter
611 827 743 905 spirantis
758 827 841 904 copia
855 828 1007 904 thymbrae

285 908 395 978 floreat,
410 906 616 986 inriguumque
631 908 733 966 bibant
746 907 866 966 violaria
878 909 1001 969 fontem.

285 989 346 1068 ipsa
361 1003 469 1058 autem,
484 1007 532 1046 seu
548 987 703 1047 corticibus
719 989 772 1047 tibi
788 1004 849 1048 suta
864 989 970 1048 cavatis

286 1090 335 1128 seu
350 1070 431 1129 lento
445 1068 555 1128 fuerint
569 1069 675 1128 alvaria
688 1069 798 1128 vimine
814 1085 900 1142 texta,

285 1166 418 1244 angustos
433 1150 559 1213 habeant
573 1149 685 1210 aditus:
706 1171 775 1209 nam
790 1151 892 1228 frigore
906 1150 994 1210 mella

285 1230 362 1306 cogit
376 1231 498 1324 hiemps,
513 1232 670 1309 eademque
686 1232 764 1291 calor
778 1232 933 1310 liquefacta
947 1232 1079 1292 remittit.

285 1327 405 1390 utraque
419 1311 461 1369 vis
476 1311 577 1388 apibus
592 1311 697 1389 pariter
710 1313 886 1382 metuenda,
908 1333 1003 1392 neque
1017 1313 1085 1372 illae

285 1391 462 1471 nequiquam
477 1391 508 1449 in
524 1391 607 1450 tectis
622 1393 754 1453 certatim
768 1393 867 1452 tenuia
882 1413 946 1452 cera
1003 1419 1007 1422 ·

285 1472 458 1551 spiramenta
472 1471 571 1531 linunt
586 1472 712 1551 fucoque
727 1490 756 1533 et
770 1473 887 1532 floribus
901 1495 963 1532 oras

286 1554 415 1631 explent,
430 1552 647 1630 collectumque
661 1554 755 1612 haec'
747 1574 808 1647 apsa
822 1555 858 1613 ad
872 1575 992 1615 munera
1006 1555 1106 1631 gluten
1127 1584 1154 1624 40

286 1649 314 1692 et
328 1633 406 1692 visco
422 1649 452 1692 et
466 1633 607 1711 Phrygiae
623 1650 736 1694 servant
750 1635 815 1714 pice
829 1635 936 1696 lentius
951 1636 1031 1695 Idae.

284 1735 369 1793 saepe
383 1714 470 1774 etiam
485 1714 637 1787 effossis,
616 1735 638 1773 sr
653 1737 720 1774 vera
733 1733 775 1774 est
790 1717 876 1790 fama,
892 1716 1007 1776 latebris

284 1796 338 1854 sub
352 1810 426 1855 terra
440 1796 537 1854 fovere
553 1796 665 1868 Larem,
681 1797 853 1877 penitusque
866 1813 996 1876 repertae

284 1877 506 1954 pumicibusque
522 1877 598 1935 cavis
613 1897 771 1956 exesaeque
786 1878 893 1937 arboris
908 1893 1002 1938 antro.

284 1972 317 2017 tu
332 1972 429 2016 tamen
444 1973 473 2017 et
487 1957 542 2015 levi
557 1956 661 2017 rimosa
674 1958 782 2018 cubilia
797 1959 868 2018 limo

284 2057 380 2114 ungue
394 2039 494 2096 fovens
505 2037 616 2096 circum
631 2055 660 2098 et
674 2059 748 2098 raras
761 2039 925 2117 superinice
940 2040 1064 2100 frondes.

284 2138 341 2177 neu
356 2118 473 2197 propius
487 2117 571 2177 tectis
587 2134 686 2178 taxum
701 2120 773 2192 sine,
788 2141 862 2180 neve
876 2122 1012 2180 rubentes

284 2219 335 2257 ure
349 2199 415 2258 foco
429 2219 557 2271 cancros,
571 2200 645 2259 altae
660 2221 716 2260 neu
732 2202 816 2261 crede
829 2201 938 2280 paludi,

284 2295 332 2339 aut
347 2279 396 2339 ubi
411 2280 481 2339 odor
495 2280 576 2340 caeni
592 2281 682 2357 gravis
697 2297 746 2341 ant
762 2282 810 2340 ubi
825 2301 951 2342 concava
964 2282 1050 2360 pulsu

283 2380 350 2420 saxa
365 2376 467 2421 sonant
480 2361 616 2440 vocisque
631 2362 739 2420 offensa
752 2362 893 2422 resultat
885 2382 987 2440 rmago.
1125 2389 1153 2429 50

324 2441 402 2520 quod
416 2457 553 2520 superest,
570 2442 620 2501 ubi
635 2443 745 2521 pulsam
759 2443 887 2501 hiemem
903 2443 950 2501 Sol
966 2462 1068 2502 aureus
1084 2441 1143 2518 egit

283 2523 336 2582 sub
351 2538 438 2582 terras
452 2523 623 2602 caelumque
640 2523 746 2582 aestiva
759 2522 826 2582 luce
839 2523 967 2596 reclusit,

282 2602 350 2662 illae
365 2603 506 2662 continuo
520 2603 607 2663 saltus
622 2603 760 2682 silvasque
773 2619 926 2682 peragrant

283 2704 497 2762 purpureosque
511 2700 628 2744 metunt
642 2683 724 2744 flores
740 2700 769 2744 et
783 2683 903 2744 flumina
918 2684 1011 2744 libant

283 2785 394 2824 summa
408 2765 495 2825 leves.
538 2765 608 2824 hinc
624 2765 721 2825 nescio
735 2787 792 2845 qua
805 2765 960 2825 dulcedine
975 2765 1067 2825 laetae

282 2845 450 2921 progeniem
465 2845 606 2926 nidosque
621 2847 729 2920 fovent,
744 2847 813 2906 hinc
829 2864 889 2906 arte
904 2862 1034 2906 recentes

283 2927 433 2986 excudunt
447 2947 525 2986 ceras
540 2943 569 2986 et
583 2927 671 2986 mella
685 2925 799 2987 tenacia
813 2928 935 3004 fingunt.

282 3006 352 3064 hinc
368 3007 440 3065 ubi'
432 3028 489 3066 ram
503 3008 638 3066 emissum
653 3008 746 3067 caveis
762 3009 799 3067 ad
812 3009 904 3068 sidera
918 3008 991 3068 caeli

283 3106 352 3145 nare
367 3107 418 3165 per
432 3103 568 3148 aestatem
583 3087 722 3167 liquidam
738 3089 896 3166 suspexeris
911 3109 1013 3166 agmen

283 3167 488 3246 obscuramque
505 3169 576 3228 trahi
592 3185 680 3228 vento
693 3169 831 3228 mirabere
846 3171 963 3244 nubem,

255 3257 256 3260 ’
283 3249 517 3326 contemplator:
538 3270 625 3328 aquas
635 3250 734 3308 dulces
749 3266 779 3308 et
793 3250 911 3309 frondea
926 3269 1038 3328 semper

283 3344 359 3389 tecta
374 3344 487 3408 petunt.
528 3331 586 3390 huc
602 3346 633 3391 tu
649 3331 736 3390 iussos
751 3330 885 3408 adsperge
900 3351 1022 3408 sapores,

448 3437 479 3485 43
497 3424 580 3472 fodere.
647 3435 678 3486 45
697 3441 709 3472 e
726 3423 779 3473 levi.
798 3415 802 3426 ¹
847 3423 877 3486 58
895 3422 941 3474 hic.
