2568 4114
428 355 595 405 AENEIDOS
613 355 675 404 LIB.
693 356 732 404 VI
987 371 1033 422 2²3

166 507 238 566 quos
253 485 441 544 circumfusos
455 484 496 543 sic
512 500 553 544 est
568 485 660 544 adfata
676 485 793 563 Sibylla,

168 568 323 626 Musaeum
338 582 405 625 ante
419 566 689 627 ornnes-medium
704 586 771 624 nam
786 565 911 642 plurima
924 565 1007 625 turba

166 648 246 707 hunc
261 647 358 720 habet,
373 664 459 726 atque
474 647 580 706 umeris
595 662 754 706 exstantem
768 646 888 724 suspicit
902 645 1007 704 altis-

146 727 264 799 ‘dicite
279 727 379 786 felices
394 728 517 799 animae,
532 743 632 808 tuque,
647 728 755 806 optime
769 742 864 786 vates:

166 828 241 887 quae
251 807 330 884 regio
339 809 499 882 Anchisen,
511 809 575 888 quis
587 809 673 868 habet
687 809 788 867 locus?
827 806 906 866 illius
918 827 984 884 ergo
998 827 1037 877 670

165 889 307 961 venimus,
323 905 353 948 et
367 909 482 965 magnos
499 890 585 950 Erebi
602 889 775 948 tranavimus
789 886 906 948 amnes.²

167 986 252 1048 atque
267 969 336 1028 buic
351 991 520 1048 responsum
535 971 635 1048 paucis
650 971 690 1030 ita
703 969 828 1029 reddidit
841 970 941 1028 heros:

146 1049 243 1109 ‘nulli
258 1065 338 1110 certa
352 1051 455 1110 domus
468 1076 477 1122 ;
499 1051 571 1110 lucis
587 1051 750 1110 habitamus
764 1050 871 1128 opacis,

165 1131 352 1209 riparumque
366 1147 442 1190 toros
457 1147 486 1190 et
501 1148 581 1209 prata
597 1131 726 1191 recentia
739 1131 807 1190 rivis

166 1211 333 1272 incolimus.
375 1213 426 1271 sed
440 1233 499 1284 vos,
515 1213 537 1270 si
554 1213 611 1272 fert
626 1212 666 1272 ita
680 1212 766 1272 corde
780 1212 924 1284 voluntas,

166 1293 223 1351 hoc
237 1307 371 1371 superate
385 1292 504 1369 iugum
525 1308 555 1352 et
569 1293 650 1352 facili
665 1293 723 1351 iam
738 1293 853 1352 tramite
867 1290 985 1352 sistam!

166 1372 251 1446 dixit,
266 1388 297 1431 et
311 1389 380 1432 ante
395 1373 464 1433 tulit
478 1393 615 1450 gressum,
630 1393 805 1454 camposque
819 1373 947 1432 nitentes

166 1454 292 1532 desuper
305 1469 451 1526 ostentat3
473 1454 581 1513 dehinc
593 1475 705 1514 summa
719 1454 872 1514 cacumina
887 1454 1035 1534 linquunt.

208 1551 238 1594 at
251 1531 334 1614 pater'
347 1535 491 1594 Anchises
506 1535 623 1613 penitus
637 1535 771 1594 convalle
785 1535 890 1594 virenti

166 1615 292 1676 inclusas
306 1615 417 1676 animas
432 1637 627 1694 superumque
641 1616 678 1675 ad
692 1617 793 1674 lumen
808 1616 897 1675 ituras
999 1633 1037 1674 rso

167 1697 307 1756 lustrabat
321 1697 418 1756 studio
432 1698 573 1771 recolens,
589 1716 765 1775 omnemque
780 1715 896 1755 suorum

167 1777 241 1836 forte
255 1778 425 1837 recensebat
440 1799 593 1838 numerum
608 1797 745 1855 carosque
760 1791 890 1853 nepotes,

167 1857 286 1935 fataque
299 1858 487 1937 fortunasque
502 1860 595 1917 virum
610 1876 760 1935 moresque
775 1874 944 1933 manusque.

168 1938 250 2018 isque
265 1939 314 1997 ubi
330 1940 502 1998 tendentem
518 1940 668 1997 adversum
682 1957 734 2016 per
747 1937 876 2012 gramina
890 1936 964 1994 vidit

167 2020 299 2092 Aenean,
314 2019 414 2078 alacris
429 2020 539 2098 palmas
554 2033 688 2098 utrasque
704 2017 839 2089 tetendit,

168 2101 334 2178 effusaeque
348 2100 428 2175 genis
444 2101 588 2172 lacrimae,
604 2115 633 2158 et
647 2119 704 2158 vor
719 2098 828 2158 excidit
842 2118 891 2157 ore
904 2120 912 2157 ε

147 2181 273 2241 ‘venisti
288 2182 417 2253 tandem,
433 2196 540 2260 tuaque
554 2195 720 2257 exspectata
733 2179 846 2257 parenti

167 2262 239 2321 vicit
252 2263 309 2321 iter
323 2261 427 2320 durum
441 2261 553 2339 pietas?
573 2261 658 2319 datur
672 2281 720 2319 ora
735 2260 819 2331 tueri,
838 2281 843 2294 ·

168 2358 247 2415 nate,
262 2359 321 2414 tua,
337 2357 366 2401 et
382 2357 463 2401 notas
480 2342 578 2400 audire
594 2358 623 2400 et
636 2341 755 2400 reddere
770 2344 884 2399 vocesi.

168 2424 209 2482 sic
225 2422 362 2502 equidem
376 2423 520 2482 ducebam
535 2423 633 2481 animo
647 2423 789 2501 rebarque
803 2421 934 2480 futurum
999 2439 1038 2489 ⁶90

168 2519 298 2583 tempora
313 2504 509 2576 dinumerans,
525 2523 579 2562 nec
595 2523 642 2561 me
656 2523 720 2563 mea
735 2523 802 2562 cura
817 2501 935 2580 fefellit.

169 2605 240 2663 quas
255 2605 307 2662 ego
322 2600 351 2644 te
367 2601 452 2643 terras
469 2600 497 2644 et
512 2599 620 2664 quanta
635 2604 686 2662 per
700 2603 823 2661 aequora
836 2595 955 2640 vectum

169 2665 299 2744 accipio!
321 2666 437 2745 quantis
453 2666 601 2737 iactatum,
617 2680 695 2737 nate,
709 2663 842 2742 periclis!

170 2767 257 2824 quam
271 2746 373 2819 memi‚
389 2767 426 2804 ne
441 2746 513 2825 quid
527 2746 636 2822 Libyae
652 2745 706 2804 tibi
720 2765 808 2820 regna
823 2759 962 2802 nocerent
971 2740 993 2802 !’

170 2827 222 2886 ille
237 2842 353 2886 autem:
376 2832 440 2887 ‘tua
455 2847 512 2900 me,
526 2825 649 2903 genitor,
665 2842 713 2886 tua
727 2825 815 2885 tristis
830 2825 934 2900 imago,

170 2907 282 2984 saepius
297 2927 460 2982 occurrens,
476 2909 547 2967 haec
562 2907 665 2967 limina
680 2908 801 2966 tendere
816 2905 922 2982 adegit.

170 3003 248 3047 stant
263 2988 321 3046 sale
336 2988 492 3066 Tyrrheno
506 2990 619 3048 classes.
661 2987 697 3046 da
712 2987 831 3063 iungere
846 2986 986 3056 dextram,

170 3067 216 3141 da,
231 3069 344 3145 genitor
353 3094 363 3140 ;
384 3085 471 3148 teque
486 3071 621 3147 amplexu
637 3089 674 3126 ne
690 3069 825 3127 subtrahe
840 3065 956 3126 nostro?

171 3148 211 3207 sic
227 3169 387 3210 memorans
403 3151 481 3226 largo
495 3149 566 3208 fletu
581 3149 668 3208 simul
683 3170 731 3208 ora
745 3148 864 3224 rigabat.

171 3243 215 3288 ter
228 3246 349 3289 conatus
362 3231 404 3289 ibi
419 3231 496 3289 collo
511 3231 578 3288 dare
592 3230 727 3290 bracchia
742 3229 869 3290 circum:
1001 3257 1039 3296 γα)

172 3324 215 3369 ter
228 3310 333 3369 frustra
347 3331 516 3388 comprensa
530 3331 632 3370 manus
648 3311 748 3388 effugit
762 3311 866 3387 imago,

170 3411 220 3469 par
234 3390 346 3450 levibus
360 3392 454 3450 ventis
469 3392 638 3471 volucrique
653 3391 801 3452 simillima
816 3410 928 3452 somno.
