2568 4114
253 375 300 424 ²32
524 360 552 408 P.
569 356 712 407 VERGILI
729 355 887 405 MARONIS

292 493 509 568 Laurentesque
524 489 560 548 ab
576 509 609 548 ea
624 507 732 547 nomen
747 487 873 566 posuisse
887 487 1019 547 colonise

293 573 378 631 huius
392 592 459 649 apes
474 590 619 629 summum
633 569 913 628 densae—mirabile
927 568 1052 628 dictu-

292 652 414 712 stridore
429 651 542 728 ingenti
557 651 702 730 liquidum
718 665 795 708 trans
809 651 925 709 aethera
939 664 1049 722 vectae,

292 733 431 793 obsedere
446 733 579 810 apicem,-
585 747 614 791 et
631 731 753 809 pedibus
768 752 820 810 per
835 746 935 790 mutua
950 730 1032 789 nexis

294 835 417 875 examen
432 813 560 872 subitum
574 832 654 871 ramo
669 812 825 872 frondente
840 810 991 890 pependit.

293 895 434 955 continuo
449 898 562 966 vates,‘
572 908 725 952 externum
740 892 906 964 cernimus,’
920 892 1026 970 inquit,

274 973 490 1035 ‘adventare
464 994 565 1046 vrrum,
582 989 612 1032 et
626 989 720 1052 partes
734 989 835 1052 petere
850 992 951 1049 agmen
966 973 1081 1032 easdem

293 1056 421 1135 partibus
436 1076 471 1114 ex
486 1055 587 1127 isdem,
605 1070 633 1114 et
648 1075 759 1113 summa
773 1053 949 1113 dominarier
962 1053 1048 1114 arce!
1135 1083 1161 1122 φο

293 1153 450 1231 praeterea,
465 1136 549 1195 castis
565 1136 663 1194 adolet
678 1135 748 1194 dum
763 1134 864 1193 altaria
880 1134 977 1207 taedis,

294 1233 324 1276 et
338 1219 418 1276 iuxta
432 1217 594 1293 genitorem
609 1217 702 1275 adstat
717 1215 880 1274 Lavinia
854 1236 942 1292 vrrgo,

292 1298 362 1371 visa,
377 1297 467 1370 nefas,
483 1297 576 1374 longis
591 1297 799 1375 comprendere
814 1296 964 1355 crinibus
956 1315 1064 1372 ignem,

293 1393 380 1457 atque
395 1397 513 1436 omnem
527 1393 662 1437 ornatum
677 1377 791 1436 flamma
806 1377 966 1456 crepitante
981 1377 1113 1449 cremari,

293 1459 461 1536 regalesque
476 1479 595 1517 accensa
609 1479 714 1531 comas,
730 1479 851 1518 accensa
865 1477 1000 1516 coronam

293 1540 439 1616 insignem
453 1538 597 1614 gemmis;
622 1554 683 1598 tum
699 1539 812 1598 fumida
826 1538 939 1598 lumine
954 1539 1035 1597 fulvo

293 1618 414 1690 involvi,
429 1640 461 1678 ac
477 1619 545 1678 totis
560 1619 729 1679 Vulcanum
745 1640 874 1698 spargere
891 1619 983 1679 tectis.

293 1701 324 1760 id
338 1721 407 1759 vero
421 1700 598 1760 horrendum
613 1721 646 1759 ac
662 1700 724 1760 visu
739 1700 871 1760 mirabile
886 1700 953 1759 ferri
968 1722 975 1760 :

294 1802 419 1860 namque
434 1781 497 1840 fore
511 1781 665 1841 inlustrem
680 1782 756 1841 fama
771 1781 895 1860 fatisque
909 1780 1054 1840 canebant

293 1862 393 1941 ipsam,
409 1862 458 1921 sed
472 1864 582 1940 populo
596 1882 735 1940 magnum
750 1863 924 1940 portendere
941 1862 1062 1921 bellum.
1135 1879 1162 1918 so

294 1958 323 2001 at
337 1963 386 2002 rex
401 1943 543 2002 sollicitus
558 1944 692 2002 monstris
707 1943 822 2002 oracula
837 1943 938 2014 Fauni,

293 2023 405 2082 fatidici
419 2023 567 2100 genitoris,
582 2023 650 2094 adit,
667 2024 805 2102 lucosque
820 2024 873 2082 sub
889 2024 947 2083 alta

294 2103 419 2163 consulit
432 2104 577 2177 Albunea,
593 2117 745 2164 nemorum
759 2125 833 2183 quae
848 2105 973 2164 maxima
987 2124 1068 2162 sacro

293 2184 377 2243 fonte
392 2199 474 2242 sonat
487 2205 659 2264 saevamque
675 2185 791 2244 exhalat
808 2207 898 2264 opaca
912 2184 1078 2263 mephitim.

293 2264 364 2358 hinc
379 2265 469 2323 Italae
484 2281 584 2341 gentes
599 2266 751 2345 omnisque
767 2266 909 2325 Oenotria
924 2265 1011 2326 tellus

293 2344 324 2404 in
339 2345 434 2404 dubiis
447 2367 582 2424 responsa
596 2362 721 2440 petunt,
741 2348 798 2406 huc
813 2347 890 2406 dona
905 2345 1035 2406 sacerdos

294 2446 361 2485 cum
377 2426 454 2499 tulit,
471 2442 500 2486 et
514 2447 659 2486 caesarum
675 2427 774 2486 ovium
789 2428 841 2486 sub
856 2443 943 2487 nocte
957 2427 1055 2486 silenti

293 2506 419 2584 pellibus
434 2507 569 2566 incubuit
583 2507 685 2579 stratis,
702 2528 874 2586 somnosque
889 2508 1001 2587 petivit,

293 2588 385 2647 multa
399 2588 492 2646 modis
507 2588 659 2647 simulacra
672 2587 753 2647 videt
767 2588 919 2648 volitantia
933 2588 1023 2659 miris,

294 2683 323 2726 et
336 2668 425 2727 varias
440 2667 522 2727 audit
536 2689 630 2741 voces,
646 2669 809 2748 fruiturque
824 2670 945 2729 deorum
1136 2697 1163 2738 9⁰

293 2748 449 2827 colloquio,
464 2763 551 2827 atque
566 2749 631 2808 imis
646 2751 816 2810 Acheronta
830 2751 945 2809 adfatur
959 2748 1092 2809 Auernis.

292 2828 340 2887 hic
356 2845 385 2888 et
401 2844 462 2888 tum
477 2844 560 2908 pater
573 2830 634 2908 ipse
649 2845 761 2925 petens·
766 2852 901 2909 responsa
915 2829 1037 2890 Latinus

292 2924 412 2969 centum
427 2910 566 2985 lanigeras
580 2911 761 2970 mactabat'
739 2927 793 2970 rite
808 2912 952 2983 bidentes,

293 3003 380 3066 atque
394 2990 495 3049 harum
511 2991 627 3050 effultus
643 3006 723 3068 tergo
737 2992 890 3070 stratisque
904 2990 1017 3052 iacebat

293 3067 470 3130 velleribus.
492 3071 584 3130 subita
599 3091 634 3130 ex
650 3073 710 3132 alto
724 3093 780 3131 vox
795 3073 909 3132 reddita
923 3071 991 3130 luco
1005 3085 1069 3130 est.

272 3153 332 3207 ‘ne
345 3164 414 3226 pete
429 3152 561 3211 conubiis
578 3169 676 3212 natam
691 3153 800 3212 sociare
815 3152 938 3225 Latinis,

294 3249 312 3286 o
326 3249 391 3287 mea
399 3233 564 3325 progenies,
581 3233 715 3294 thalamis
730 3254 789 3293 neu
803 3233 890 3292 crede
904 3231 1029 3312 paratis;

294 3310 406 3369 externi
420 3313 541 3371 venient
555 3313 665 3389 generi,
680 3313 731 3392 qui
746 3314 885 3390 sanguine
900 3329 1030 3373 nostrum

520 3405 552 3466 84
568 3421 672 3456 emaum.
738 3407 768 3469 98
786 3408 891 3458 veniunt.
