<?xml version="1.0" encoding="UTF-8"?>
<!DOCTYPE html PUBLIC "-//W3C//DTD XHTML 1.0 Transitional//EN"
    "http://www.w3.org/TR/xhtml1/DTD/xhtml1-transitional.dtd">
<html xmlns="http://www.w3.org/1999/xhtml" xml:lang="en" lang="en">
 <head>
  <title>
</title>
<meta http-equiv="Content-Type" content="text/html;charset=utf-8" />
  <meta name='ocr-system' content='tesseract 3.04.00' />
  <meta name='ocr-capabilities' content='ocr_page ocr_carea ocr_par ocr_line ocrx_word'/>
</head>
<body>
  <div class='ocr_page' id='page_1' title='image "./bucolicageorgic05virggoog/bucolicageorgic05virggoog_0126.png"; bbox 0 0 2558 4112; ppageno 0'>
   <div class='ocr_carea' id='block_1_1' title="bbox 424 346 699 396">
    <p class='ocr_par' dir='ltr' id='par_1_1' title="bbox 424 346 699 396">
     <span class='ocr_line' id='line_1_1' title="bbox 424 346 699 396; baseline 0.004 -2"><span class='ocrx_word' id='word_1_1' title='bbox 424 346 591 396; x_wconf 79' lang='lat' dir='ltr'>AENEIDOS</span> <span class='ocrx_word' id='word_1_2' title='bbox 607 347 670 396; x_wconf 74' lang='grc' dir='ltr'><strong>ΜΒ.</strong></span> <span class='ocrx_word' id='word_1_3' title='bbox 687 348 699 395; x_wconf 94' lang='grc' dir='ltr'>Ι</span> 
     </span>
    </p>
   </div>
   <div class='ocr_carea' id='block_1_2' title="bbox 150 475 932 557">
    <p class='ocr_par' dir='ltr' id='par_1_2' title="bbox 150 475 932 557">
     <span class='ocr_line' id='line_1_2' title="bbox 150 475 932 557; baseline 0.001 -20"><span class='ocrx_word' id='word_1_4' title='bbox 150 477 262 556; x_wconf 91' lang='lat' dir='ltr'><strong>experti</strong></span> <span class='ocrx_word' id='word_1_5' title='bbox 277 499 284 536; x_wconf 77' lang='grc' dir='ltr'><strong>ι</strong></span> <span class='ocrx_word' id='word_1_6' title='bbox 306 491 437 535; x_wconf 86' lang='lat' dir='ltr'><strong>revocate</strong></span> <span class='ocrx_word' id='word_1_7' title='bbox 452 475 572 547; x_wconf 86' lang='lat' dir='ltr'><strong>animos,</strong></span> <span class='ocrx_word' id='word_1_8' title='bbox 586 494 783 557; x_wconf 88' lang='lat' dir='ltr'><strong>maestumque</strong></span> <span class='ocrx_word' id='word_1_9' title='bbox 799 478 932 539; x_wconf 89' lang='lat' dir='ltr'><strong>timorem</strong></span> 
     </span>
    </p>
   </div>
   <div class='ocr_carea' id='block_1_3' title="bbox 151 557 1024 1363">
    <p class='ocr_par' dir='ltr' id='par_1_3' title="bbox 151 557 1024 1363">
     <span class='ocr_line' id='line_1_3' title="bbox 151 557 922 628; baseline 0.004 -11"><span class='ocrx_word' id='word_1_10' title='bbox 151 558 281 628; x_wconf 85' lang='lat' dir='ltr'><strong>mittite3</strong></span> <span class='ocrx_word' id='word_1_11' title='bbox 303 558 397 616; x_wconf 81' lang='lat' dir='ltr'>forsan</span> <span class='ocrx_word' id='word_1_12' title='bbox 412 573 441 616; x_wconf 92' lang='lat' dir='ltr'><strong>et</strong></span> <span class='ocrx_word' id='word_1_13' title='bbox 454 558 524 616; x_wconf 87' lang='lat' dir='ltr'><strong>haec</strong></span> <span class='ocrx_word' id='word_1_14' title='bbox 540 557 610 616; x_wconf 88' lang='lat' dir='ltr'><strong>olim</strong></span> <span class='ocrx_word' id='word_1_15' title='bbox 625 558 788 617; x_wconf 81' lang='lat' dir='ltr'><strong>meminisse</strong></span> <span class='ocrx_word' id='word_1_16' title='bbox 802 559 922 620; x_wconf 88' lang='lat' dir='ltr'><strong>iuvabit.</strong></span> 
     </span>
     <span class='ocr_line' id='line_1_4' title="bbox 151 638 823 719; baseline 0.001 -21"><span class='ocrx_word' id='word_1_17' title='bbox 151 659 203 719; x_wconf 90' lang='lat' dir='ltr'><strong>per</strong></span> <span class='ocrx_word' id='word_1_18' title='bbox 217 638 308 696; x_wconf 86' lang='lat' dir='ltr'><strong>varios</strong></span> <span class='ocrx_word' id='word_1_19' title='bbox 324 659 413 709; x_wconf 88' lang='lat' dir='ltr'><strong>casus,</strong></span> <span class='ocrx_word' id='word_1_20' title='bbox 427 658 478 716; x_wconf 88' lang='lat' dir='ltr'><strong>per</strong></span> <span class='ocrx_word' id='word_1_21' title='bbox 492 653 535 696; x_wconf 94' lang='lat' dir='ltr'><strong>tot</strong></span> <span class='ocrx_word' id='word_1_22' title='bbox 549 638 714 698; x_wconf 88' lang='lat' dir='ltr'><strong>discrimina</strong></span> <span class='ocrx_word' id='word_1_23' title='bbox 727 659 823 699; x_wconf 88' lang='lat' dir='ltr'><strong>rerum</strong></span> 
     </span>
     <span class='ocr_line' id='line_1_5' title="bbox 151 719 839 797; baseline -0.001 -18"><span class='ocrx_word' id='word_1_24' title='bbox 151 719 298 780; x_wconf 82' lang='lat' dir='ltr'><strong>tendimus</strong></span> <span class='ocrx_word' id='word_1_25' title='bbox 313 719 343 777; x_wconf 95' lang='lat' dir='ltr'><strong>in</strong></span> <span class='ocrx_word' id='word_1_26' title='bbox 358 719 486 790; x_wconf 90' lang='lat' dir='ltr'><strong>Latium,</strong></span> <span class='ocrx_word' id='word_1_27' title='bbox 501 719 578 778; x_wconf 88' lang='lat' dir='ltr'><strong>sedes</strong></span> <span class='ocrx_word' id='word_1_28' title='bbox 594 719 644 777; x_wconf 92' lang='lat' dir='ltr'><strong>ubi</strong></span> <span class='ocrx_word' id='word_1_29' title='bbox 660 719 716 777; x_wconf 89' lang='lat' dir='ltr'><strong>fata</strong></span> <span class='ocrx_word' id='word_1_30' title='bbox 730 719 839 797; x_wconf 88' lang='lat' dir='ltr'><strong>quietas</strong></span> 
     </span>
     <span class='ocr_line' id='line_1_6' title="bbox 152 799 858 875; baseline 0 -16"><span class='ocrx_word' id='word_1_31' title='bbox 152 801 330 868; x_wconf 82' lang='lat' dir='ltr'><strong>ostendunt3</strong></span> <span class='ocrx_word' id='word_1_32' title='bbox 351 799 412 858; x_wconf 91' lang='lat' dir='ltr'><strong>illic</strong></span> <span class='ocrx_word' id='word_1_33' title='bbox 428 800 469 858; x_wconf 90' lang='lat' dir='ltr'><strong>fas</strong></span> <span class='ocrx_word' id='word_1_34' title='bbox 482 819 569 874; x_wconf 88' lang='lat' dir='ltr'><strong>regna</strong></span> <span class='ocrx_word' id='word_1_35' title='bbox 583 820 726 875; x_wconf 84' lang='lat' dir='ltr'><strong>resurgere</strong></span> <span class='ocrx_word' id='word_1_36' title='bbox 742 800 858 861; x_wconf 82' lang='lat' dir='ltr'><strong>Troiae.</strong></span> 
     </span>
     <span class='ocr_line' id='line_1_7' title="bbox 152 879 818 953; baseline -0.003 -11"><span class='ocrx_word' id='word_1_37' title='bbox 152 883 263 953; x_wconf 88' lang='lat' dir='ltr'><strong>durate,</strong></span> <span class='ocrx_word' id='word_1_38' title='bbox 279 895 308 940; x_wconf 93' lang='lat' dir='ltr'><strong>et</strong></span> <span class='ocrx_word' id='word_1_39' title='bbox 321 895 432 940; x_wconf 87' lang='lat' dir='ltr'><strong>vosmet</strong></span> <span class='ocrx_word' id='word_1_40' title='bbox 445 880 529 938; x_wconf 89' lang='lat' dir='ltr'><strong>rebus</strong></span> <span class='ocrx_word' id='word_1_41' title='bbox 544 897 653 940; x_wconf 89' lang='lat' dir='ltr'><strong>servate</strong></span> <span class='ocrx_word' id='word_1_42' title='bbox 668 879 818 941; x_wconf 63' lang='lat' dir='ltr'><strong>secundis?</strong></span> 
     </span>
     <span class='ocr_line' id='line_1_8' title="bbox 193 961 882 1040; baseline 0 -20"><span class='ocrx_word' id='word_1_43' title='bbox 193 962 262 1021; x_wconf 85' lang='lat' dir='ltr'><strong>talia</strong></span> <span class='ocrx_word' id='word_1_44' title='bbox 275 981 346 1020; x_wconf 90' lang='lat' dir='ltr'><strong>voce</strong></span> <span class='ocrx_word' id='word_1_45' title='bbox 360 962 460 1032; x_wconf 83' lang='lat' dir='ltr'><strong>refert,</strong></span> <span class='ocrx_word' id='word_1_46' title='bbox 474 961 606 1040; x_wconf 92' lang='lat' dir='ltr'><strong>curisque</strong></span> <span class='ocrx_word' id='word_1_47' title='bbox 621 961 785 1039; x_wconf 87' lang='lat' dir='ltr'><strong>ingentibus</strong></span> <span class='ocrx_word' id='word_1_48' title='bbox 800 982 882 1038; x_wconf 80' lang='lat' dir='ltr'><strong>aeger</strong></span> 
     </span>
     <span class='ocr_line' id='line_1_9' title="bbox 153 1042 951 1121; baseline 0 -19"><span class='ocrx_word' id='word_1_49' title='bbox 153 1063 234 1121; x_wconf 86' lang='lat' dir='ltr'><strong>spem</strong></span> <span class='ocrx_word' id='word_1_50' title='bbox 248 1043 331 1101; x_wconf 90' lang='lat' dir='ltr'><strong>vultu</strong></span> <span class='ocrx_word' id='word_1_51' title='bbox 345 1043 469 1112; x_wconf 82' lang='lat' dir='ltr'><strong>simulat,</strong></span> <span class='ocrx_word' id='word_1_52' title='bbox 484 1042 591 1120; x_wconf 87' lang='lat' dir='ltr'><strong>premit</strong></span> <span class='ocrx_word' id='word_1_53' title='bbox 606 1043 697 1102; x_wconf 89' lang='lat' dir='ltr'><strong>altum</strong></span> <span class='ocrx_word' id='word_1_54' title='bbox 711 1043 797 1102; x_wconf 93' lang='lat' dir='ltr'><strong>corde</strong></span> <span class='ocrx_word' id='word_1_55' title='bbox 812 1043 951 1104; x_wconf 88' lang='lat' dir='ltr'><strong>dolorem.</strong></span> 
     </span>
     <span class='ocr_line' id='line_1_10' title="bbox 153 1123 1024 1216; baseline 0 -34"><span class='ocrx_word' id='word_1_56' title='bbox 153 1124 197 1182; x_wconf 91' lang='lat' dir='ltr'><strong>illi</strong></span> <span class='ocrx_word' id='word_1_57' title='bbox 212 1144 241 1182; x_wconf 90' lang='lat' dir='ltr'><strong>se</strong></span> <span class='ocrx_word' id='word_1_58' title='bbox 254 1123 374 1201; x_wconf 82' lang='lat' dir='ltr'><strong>praedae</strong></span> <span class='ocrx_word' id='word_1_59' title='bbox 389 1123 547 1198; x_wconf 85' lang='lat' dir='ltr'><strong>accingunt</strong></span> <span class='ocrx_word' id='word_1_60' title='bbox 561 1123 738 1216; x_wconf 85' lang='lat' dir='ltr'><strong>dapibusque</strong></span> <span class='ocrx_word' id='word_1_61' title='bbox 753 1123 877 1183; x_wconf 85' lang='lat' dir='ltr'><strong>futuris:</strong></span> <span class='ocrx_word' id='word_1_62' title='bbox 986 1155 1024 1182; x_wconf 80' lang='lat'><strong>210</strong></span> 
     </span>
     <span class='ocr_line' id='line_1_11' title="bbox 153 1202 817 1282; baseline 0 -20"><span class='ocrx_word' id='word_1_63' title='bbox 153 1221 263 1280; x_wconf 86' lang='lat' dir='ltr'><strong>tergora</strong></span> <span class='ocrx_word' id='word_1_64' title='bbox 276 1203 416 1282; x_wconf 89' lang='lat' dir='ltr'><strong>diripiunt</strong></span> <span class='ocrx_word' id='word_1_65' title='bbox 431 1202 515 1262; x_wconf 88' lang='lat' dir='ltr'><strong>costis</strong></span> <span class='ocrx_word' id='word_1_66' title='bbox 530 1220 559 1263; x_wconf 92' lang='lat' dir='ltr'><strong>et</strong></span> <span class='ocrx_word' id='word_1_67' title='bbox 574 1203 681 1262; x_wconf 87' lang='lat' dir='ltr'><strong>viscera</strong></span> <span class='ocrx_word' id='word_1_68' title='bbox 696 1204 817 1275; x_wconf 88' lang='lat' dir='ltr'><strong>nudant,</strong></span> 
     </span>
     <span class='ocr_line' id='line_1_12' title="bbox 153 1285 943 1363; baseline 0.001 -20"><span class='ocrx_word' id='word_1_69' title='bbox 153 1305 215 1363; x_wconf 89' lang='lat' dir='ltr'><strong>pars</strong></span> <span class='ocrx_word' id='word_1_70' title='bbox 229 1285 260 1342; x_wconf 90' lang='lat' dir='ltr'><strong>in</strong></span> <span class='ocrx_word' id='word_1_71' title='bbox 276 1286 364 1344; x_wconf 86' lang='lat' dir='ltr'><strong>frusta</strong></span> <span class='ocrx_word' id='word_1_72' title='bbox 378 1300 475 1343; x_wconf 86' lang='lat' dir='ltr'><strong>secant</strong></span> <span class='ocrx_word' id='word_1_73' title='bbox 489 1285 661 1362; x_wconf 86' lang='lat' dir='ltr'><strong>veribusque</strong></span> <span class='ocrx_word' id='word_1_74' title='bbox 677 1285 828 1344; x_wconf 90' lang='lat' dir='ltr'><strong>trementia</strong></span> <span class='ocrx_word' id='word_1_75' title='bbox 843 1285 943 1360; x_wconf 84' lang='lat' dir='ltr'><strong>figunt,</strong></span> 
     </span>
    </p>
   </div>
   <div class='ocr_carea' id='block_1_4' title="bbox 60 1364 885 1444">
    <p class='ocr_par' dir='ltr' id='par_1_4' title="bbox 60 1364 885 1444">
     <span class='ocr_line' id='line_1_13' title="bbox 60 1364 885 1444; baseline 0.004 -22"><span class='ocrx_word' id='word_1_76' title='bbox 60 1381 68 1402; x_wconf 89' lang='lat'><strong>·</strong></span> <span class='ocrx_word' id='word_1_77' title='bbox 154 1366 236 1424; x_wconf 89' lang='lat' dir='ltr'><strong>litore</strong></span> <span class='ocrx_word' id='word_1_78' title='bbox 252 1375 322 1424; x_wconf 76' lang='lat' dir='ltr'><strong>aena</strong></span> <span class='ocrx_word' id='word_1_79' title='bbox 335 1366 433 1424; x_wconf 90' lang='lat' dir='ltr'><strong>locant</strong></span> <span class='ocrx_word' id='word_1_80' title='bbox 448 1365 495 1424; x_wconf 89' lang='lat' dir='ltr'><strong>alii</strong></span> <span class='ocrx_word' id='word_1_81' title='bbox 511 1364 696 1444; x_wconf 87' lang='lat' dir='ltr'><strong>flammasque</strong></span> <span class='ocrx_word' id='word_1_82' title='bbox 711 1366 885 1425; x_wconf 88' lang='lat' dir='ltr'><strong>ministrant.</strong></span> 
     </span>
    </p>
   </div>
   <div class='ocr_carea' id='block_1_5' title="bbox 117 1445 1026 3384">
    <p class='ocr_par' dir='ltr' id='par_1_5' title="bbox 117 1445 1026 2172">
     <span class='ocr_line' id='line_1_14' title="bbox 155 1445 885 1526; baseline 0.003 -22"><span class='ocrx_word' id='word_1_83' title='bbox 155 1462 217 1504; x_wconf 91' lang='lat' dir='ltr'><strong>tum</strong></span> <span class='ocrx_word' id='word_1_84' title='bbox 231 1445 311 1505; x_wconf 90' lang='lat' dir='ltr'><strong>victu</strong></span> <span class='ocrx_word' id='word_1_85' title='bbox 325 1461 461 1506; x_wconf 88' lang='lat' dir='ltr'><strong>revocant</strong></span> <span class='ocrx_word' id='word_1_86' title='bbox 475 1446 559 1517; x_wconf 86' lang='lat' dir='ltr'><strong>vires,</strong></span> <span class='ocrx_word' id='word_1_87' title='bbox 575 1447 687 1526; x_wconf 89' lang='lat' dir='ltr'><strong>fusique</strong></span> <span class='ocrx_word' id='word_1_88' title='bbox 703 1467 753 1524; x_wconf 87' lang='lat' dir='ltr'><strong>per</strong></span> <span class='ocrx_word' id='word_1_89' title='bbox 767 1447 885 1506; x_wconf 83' lang='lat' dir='ltr'><strong>herbam</strong></span> 
     </span>
     <span class='ocr_line' id='line_1_15' title="bbox 154 1526 861 1606; baseline 0.003 -22"><span class='ocrx_word' id='word_1_90' title='bbox 154 1527 303 1604; x_wconf 89' lang='lat' dir='ltr'><strong>inplentur</strong></span> <span class='ocrx_word' id='word_1_91' title='bbox 318 1526 420 1585; x_wconf 89' lang='lat' dir='ltr'><strong>veteris</strong></span> <span class='ocrx_word' id='word_1_92' title='bbox 435 1527 588 1586; x_wconf 92' lang='lat' dir='ltr'><strong>Bacchi</strong></span> <span class='ocrx_word' id='word_1_93' title='bbox 560 1527 730 1606; x_wconf 85' lang='lat' dir='ltr'><strong>prnguisquc</strong></span> <span class='ocrx_word' id='word_1_94' title='bbox 744 1528 861 1587; x_wconf 86' lang='lat' dir='ltr'><strong>ferinae.</strong></span> 
     </span>
     <span class='ocr_line' id='line_1_16' title="bbox 154 1608 999 1701; baseline 0 -35"><span class='ocrx_word' id='word_1_95' title='bbox 154 1623 304 1687; x_wconf 86' lang='lat' dir='ltr'><strong>postquam</strong></span> <span class='ocrx_word' id='word_1_96' title='bbox 319 1624 453 1686; x_wconf 84' lang='lat' dir='ltr'><strong>exempta</strong></span> <span class='ocrx_word' id='word_1_97' title='bbox 467 1608 557 1667; x_wconf 85' lang='lat' dir='ltr'><strong>fames</strong></span> <span class='ocrx_word' id='word_1_98' title='bbox 572 1608 664 1686; x_wconf 88' lang='lat' dir='ltr'><strong>epulis</strong></span> <span class='ocrx_word' id='word_1_99' title='bbox 678 1628 849 1701; x_wconf 87' lang='lat' dir='ltr'><strong>mensaeque</strong></span> <span class='ocrx_word' id='word_1_100' title='bbox 864 1623 999 1678; x_wconf 88' lang='lat' dir='ltr'><strong>remotae,</strong></span> 
     </span>
     <span class='ocr_line' id='line_1_17' title="bbox 154 1688 782 1768; baseline 0.003 -22"><span class='ocrx_word' id='word_1_101' title='bbox 154 1689 267 1747; x_wconf 88' lang='lat' dir='ltr'><strong>amissos</strong></span> <span class='ocrx_word' id='word_1_102' title='bbox 282 1690 368 1765; x_wconf 92' lang='lat' dir='ltr'><strong>longo</strong></span> <span class='ocrx_word' id='word_1_103' title='bbox 383 1688 472 1748; x_wconf 89' lang='lat' dir='ltr'><strong>socios</strong></span> <span class='ocrx_word' id='word_1_104' title='bbox 487 1707 617 1748; x_wconf 89' lang='lat' dir='ltr'><strong>sermone</strong></span> <span class='ocrx_word' id='word_1_105' title='bbox 632 1688 782 1768; x_wconf 89' lang='lat' dir='ltr'><strong>requirunt</strong></span> 
     </span>
     <span class='ocr_line' id='line_1_18' title="bbox 155 1769 975 1863; baseline 0 -35"><span class='ocrx_word' id='word_1_106' title='bbox 155 1789 291 1862; x_wconf 85' lang='lat' dir='ltr'><strong>spemque</strong></span> <span class='ocrx_word' id='word_1_107' title='bbox 305 1787 473 1863; x_wconf 89' lang='lat' dir='ltr'><strong>metumque</strong></span> <span class='ocrx_word' id='word_1_108' title='bbox 489 1769 564 1828; x_wconf 90' lang='lat' dir='ltr'><strong>inter</strong></span> <span class='ocrx_word' id='word_1_109' title='bbox 579 1769 668 1839; x_wconf 90' lang='lat' dir='ltr'><strong>dubii,</strong></span> <span class='ocrx_word' id='word_1_110' title='bbox 685 1790 734 1828; x_wconf 88' lang='lat' dir='ltr'><strong>seu</strong></span> <span class='ocrx_word' id='word_1_111' title='bbox 748 1769 843 1827; x_wconf 89' lang='lat' dir='ltr'><strong>vivere</strong></span> <span class='ocrx_word' id='word_1_112' title='bbox 858 1769 975 1828; x_wconf 85' lang='lat' dir='ltr'><strong>credant</strong></span> 
     </span>
     <span class='ocr_line' id='line_1_19' title="bbox 155 1850 858 1929; baseline 0.001 -21"><span class='ocrx_word' id='word_1_113' title='bbox 155 1851 214 1909; x_wconf 89' lang='lat' dir='ltr'><strong>sive</strong></span> <span class='ocrx_word' id='word_1_114' title='bbox 228 1866 356 1909; x_wconf 82' lang='lat' dir='ltr'><strong>extrema</strong></span> <span class='ocrx_word' id='word_1_115' title='bbox 369 1850 428 1929; x_wconf 92' lang='lat' dir='ltr'><strong>pati</strong></span> <span class='ocrx_word' id='word_1_116' title='bbox 443 1869 498 1909; x_wconf 86' lang='lat' dir='ltr'><strong>nec</strong></span> <span class='ocrx_word' id='word_1_117' title='bbox 513 1850 571 1909; x_wconf 89' lang='lat' dir='ltr'><strong>iam</strong></span> <span class='ocrx_word' id='word_1_118' title='bbox 587 1850 721 1910; x_wconf 85' lang='lat' dir='ltr'><strong>exaudire</strong></span> <span class='ocrx_word' id='word_1_119' title='bbox 735 1865 858 1909; x_wconf 88' lang='lat' dir='ltr'><strong>vocatos.</strong></span> 
     </span>
     <span class='ocr_line' id='line_1_20' title="bbox 154 1930 1026 2009; baseline -0.001 -20"><span class='ocrx_word' id='word_1_120' title='bbox 154 1931 307 2009; x_wconf 88' lang='lat' dir='ltr'><strong>praecipue</strong></span> <span class='ocrx_word' id='word_1_121' title='bbox 321 1931 385 2009; x_wconf 91' lang='lat' dir='ltr'><strong>pius</strong></span> <span class='ocrx_word' id='word_1_122' title='bbox 400 1932 511 1990; x_wconf 88' lang='lat' dir='ltr'><strong>Aeneas</strong></span> <span class='ocrx_word' id='word_1_123' title='bbox 526 1951 606 1990; x_wconf 90' lang='lat' dir='ltr'><strong>nunc</strong></span> <span class='ocrx_word' id='word_1_124' title='bbox 621 1931 691 1990; x_wconf 88' lang='lat' dir='ltr'><strong>acris</strong></span> <span class='ocrx_word' id='word_1_125' title='bbox 707 1930 824 2002; x_wconf 89' lang='lat' dir='ltr'><strong>Oronti,</strong></span> <span class='ocrx_word' id='word_1_126' title='bbox 987 1960 1026 1988; x_wconf 74' lang='lat' dir='ltr'><strong>m</strong></span> 
     </span>
     <span class='ocr_line' id='line_1_21' title="bbox 117 2012 869 2089; baseline 0.004 -20"><span class='ocrx_word' id='word_1_127' title='bbox 117 2061 120 2069; x_wconf 37' lang='grc' dir='ltr'>ι</span> <span class='ocrx_word' id='word_1_128' title='bbox 155 2033 234 2072; x_wconf 90' lang='lat' dir='ltr'><strong>nunc</strong></span> <span class='ocrx_word' id='word_1_129' title='bbox 250 2012 356 2089; x_wconf 86' lang='lat' dir='ltr'><strong>Amyci</strong></span> <span class='ocrx_word' id='word_1_130' title='bbox 371 2031 467 2070; x_wconf 88' lang='lat' dir='ltr'><strong>casum</strong></span> <span class='ocrx_word' id='word_1_131' title='bbox 483 2012 572 2088; x_wconf 88' lang='lat' dir='ltr'><strong>gemit</strong></span> <span class='ocrx_word' id='word_1_132' title='bbox 587 2028 616 2070; x_wconf 91' lang='lat' dir='ltr'><strong>et</strong></span> <span class='ocrx_word' id='word_1_133' title='bbox 630 2012 758 2071; x_wconf 87' lang='lat' dir='ltr'><strong>crudelia</strong></span> <span class='ocrx_word' id='word_1_134' title='bbox 771 2031 869 2072; x_wconf 86' lang='lat' dir='ltr'><strong>secum</strong></span> 
     </span>
     <span class='ocr_line' id='line_1_22' title="bbox 155 2092 960 2172; baseline 0.002 -22"><span class='ocrx_word' id='word_1_135' title='bbox 155 2093 212 2151; x_wconf 89' lang='lat' dir='ltr'><strong>fata</strong></span> <span class='ocrx_word' id='word_1_136' title='bbox 226 2093 301 2168; x_wconf 86' lang='lat' dir='ltr'><strong>Lyci</strong></span> <span class='ocrx_word' id='word_1_137' title='bbox 315 2093 476 2171; x_wconf 87' lang='lat' dir='ltr'><strong>fortemque</strong></span> <span class='ocrx_word' id='word_1_138' title='bbox 493 2093 580 2170; x_wconf 86' lang='lat' dir='ltr'><strong>Gyan</strong></span> <span class='ocrx_word' id='word_1_139' title='bbox 595 2093 756 2172; x_wconf 90' lang='lat' dir='ltr'><strong>fortemque</strong></span> <span class='ocrx_word' id='word_1_140' title='bbox 772 2092 960 2152; x_wconf 85' lang='lat' dir='ltr'><strong>Cloanthum.</strong></span> 
     </span>
    </p>

    <p class='ocr_par' dir='ltr' id='par_1_6' title="bbox 154 2172 1026 3384">
     <span class='ocr_line' id='line_1_23' title="bbox 195 2172 943 2252; baseline 0.001 -20"><span class='ocrx_word' id='word_1_141' title='bbox 195 2190 224 2232; x_wconf 92' lang='lat' dir='ltr'><strong>et</strong></span> <span class='ocrx_word' id='word_1_142' title='bbox 239 2173 296 2232; x_wconf 91' lang='lat' dir='ltr'><strong>iam</strong></span> <span class='ocrx_word' id='word_1_143' title='bbox 311 2172 375 2232; x_wconf 88' lang='lat' dir='ltr'><strong>finis</strong></span> <span class='ocrx_word' id='word_1_144' title='bbox 389 2189 457 2244; x_wconf 88' lang='lat' dir='ltr'><strong>erat,</strong></span> <span class='ocrx_word' id='word_1_145' title='bbox 474 2193 542 2232; x_wconf 91' lang='lat' dir='ltr'><strong>cum</strong></span> <span class='ocrx_word' id='word_1_146' title='bbox 557 2173 688 2252; x_wconf 91' lang='lat' dir='ltr'><strong>Iuppiter</strong></span> <span class='ocrx_word' id='word_1_147' title='bbox 703 2175 816 2233; x_wconf 87' lang='lat' dir='ltr'><strong>aethere</strong></span> <span class='ocrx_word' id='word_1_148' title='bbox 831 2193 943 2233; x_wconf 88' lang='lat' dir='ltr'><strong>summo</strong></span> 
     </span>
     <span class='ocr_line' id='line_1_24' title="bbox 154 2253 876 2332; baseline -0.001 -19"><span class='ocrx_word' id='word_1_149' title='bbox 154 2253 313 2332; x_wconf 89' lang='lat' dir='ltr'><strong>despiciens</strong></span> <span class='ocrx_word' id='word_1_150' title='bbox 329 2274 405 2313; x_wconf 91' lang='lat' dir='ltr'><strong>mare</strong></span> <span class='ocrx_word' id='word_1_151' title='bbox 420 2254 578 2314; x_wconf 87' lang='lat' dir='ltr'><strong>velivolum</strong></span> <span class='ocrx_word' id='word_1_152' title='bbox 593 2269 736 2331; x_wconf 86' lang='lat' dir='ltr'><strong>terrasque</strong></span> <span class='ocrx_word' id='word_1_153' title='bbox 750 2253 876 2312; x_wconf 86' lang='lat' dir='ltr'><strong>iacentes</strong></span> 
     </span>
     <span class='ocr_line' id='line_1_25' title="bbox 155 2333 831 2414; baseline -0.003 -21"><span class='ocrx_word' id='word_1_154' title='bbox 155 2335 294 2412; x_wconf 88' lang='lat' dir='ltr'><strong>litoraque</strong></span> <span class='ocrx_word' id='word_1_155' title='bbox 309 2354 338 2394; x_wconf 93' lang='lat' dir='ltr'><strong>et</strong></span> <span class='ocrx_word' id='word_1_156' title='bbox 352 2336 422 2394; x_wconf 84' lang='lat' dir='ltr'><strong>latos</strong></span> <span class='ocrx_word' id='word_1_157' title='bbox 436 2336 565 2414; x_wconf 91' lang='lat' dir='ltr'><strong>populos,</strong></span> <span class='ocrx_word' id='word_1_158' title='bbox 583 2333 623 2392; x_wconf 89' lang='lat' dir='ltr'><strong>sic</strong></span> <span class='ocrx_word' id='word_1_159' title='bbox 638 2334 745 2393; x_wconf 89' lang='lat' dir='ltr'><strong>vertice</strong></span> <span class='ocrx_word' id='word_1_160' title='bbox 759 2334 831 2392; x_wconf 94' lang='lat' dir='ltr'><strong>caeli</strong></span> 
     </span>
     <span class='ocr_line' id='line_1_26' title="bbox 155 2414 825 2493; baseline -0.004 -18"><span class='ocrx_word' id='word_1_161' title='bbox 155 2416 285 2476; x_wconf 89' lang='lat' dir='ltr'><strong>constitit</strong></span> <span class='ocrx_word' id='word_1_162' title='bbox 299 2432 329 2475; x_wconf 93' lang='lat' dir='ltr'><strong>et</strong></span> <span class='ocrx_word' id='word_1_163' title='bbox 343 2416 451 2493; x_wconf 88' lang='lat' dir='ltr'><strong>Libyae</strong></span> <span class='ocrx_word' id='word_1_164' title='bbox 467 2415 567 2474; x_wconf 85' lang='lat' dir='ltr'><strong>defixit</strong></span> <span class='ocrx_word' id='word_1_165' title='bbox 583 2415 695 2474; x_wconf 88' lang='lat' dir='ltr'><strong>lumina</strong></span> <span class='ocrx_word' id='word_1_166' title='bbox 709 2414 803 2492; x_wconf 89' lang='lat' dir='ltr'><strong>regnis</strong></span> <span class='ocrx_word' id='word_1_167' title='bbox 816 2439 825 2485; x_wconf 90' lang='lat'>;</span> 
     </span>
     <span class='ocr_line' id='line_1_27' title="bbox 154 2497 821 2591; baseline 0 -37"><span class='ocrx_word' id='word_1_168' title='bbox 154 2513 239 2591; x_wconf 76' lang='lat' dir='ltr'><strong>atque</strong></span> <span class='ocrx_word' id='word_1_169' title='bbox 255 2497 339 2555; x_wconf 88' lang='lat' dir='ltr'><strong>illum</strong></span> <span class='ocrx_word' id='word_1_170' title='bbox 355 2497 424 2556; x_wconf 88' lang='lat' dir='ltr'><strong>tales</strong></span> <span class='ocrx_word' id='word_1_171' title='bbox 439 2497 594 2556; x_wconf 85' lang='lat' dir='ltr'><strong>iactantem</strong></span> <span class='ocrx_word' id='word_1_172' title='bbox 609 2511 726 2575; x_wconf 90' lang='lat' dir='ltr'><strong>pectore</strong></span> <span class='ocrx_word' id='word_1_173' title='bbox 741 2516 821 2554; x_wconf 88' lang='lat' dir='ltr'><strong>curas</strong></span> 
     </span>
     <span class='ocr_line' id='line_1_28' title="bbox 154 2576 815 2637; baseline -0.003 -1"><span class='ocrx_word' id='word_1_174' title='bbox 154 2577 262 2636; x_wconf 90' lang='lat' dir='ltr'><strong>tristior</strong></span> <span class='ocrx_word' id='word_1_175' title='bbox 277 2593 306 2637; x_wconf 90' lang='lat' dir='ltr'><strong>et</strong></span> <span class='ocrx_word' id='word_1_176' title='bbox 319 2577 443 2636; x_wconf 88' lang='lat' dir='ltr'><strong>lacrimis</strong></span> <span class='ocrx_word' id='word_1_177' title='bbox 458 2577 556 2636; x_wconf 90' lang='lat' dir='ltr'><strong>oculos</strong></span> <span class='ocrx_word' id='word_1_178' title='bbox 572 2577 677 2636; x_wconf 90' lang='lat' dir='ltr'><strong>suffusa</strong></span> <span class='ocrx_word' id='word_1_179' title='bbox 691 2576 815 2635; x_wconf 89' lang='lat' dir='ltr'><strong>nitentes</strong></span> 
     </span>
     <span class='ocr_line' id='line_1_29' title="bbox 154 2655 1017 2738; baseline -0.003 -22"><span class='ocrx_word' id='word_1_180' title='bbox 154 2658 319 2738; x_wconf 89' lang='lat' dir='ltr'><strong>adloquitur</strong></span> <span class='ocrx_word' id='word_1_181' title='bbox 333 2659 455 2717; x_wconf 86' lang='lat' dir='ltr'><strong>Venus:</strong></span> <span class='ocrx_word' id='word_1_182' title='bbox 479 2665 513 2717; x_wconf 86' lang='lat' dir='ltr'><strong>‘o</strong></span> <span class='ocrx_word' id='word_1_183' title='bbox 528 2657 577 2737; x_wconf 90' lang='lat' dir='ltr'><strong>qui</strong></span> <span class='ocrx_word' id='word_1_184' title='bbox 593 2678 636 2716; x_wconf 89' lang='lat' dir='ltr'><strong>res</strong></span> <span class='ocrx_word' id='word_1_185' title='bbox 650 2657 858 2736; x_wconf 89' lang='lat' dir='ltr'><strong>hominumque</strong></span> <span class='ocrx_word' id='word_1_186' title='bbox 874 2655 1017 2734; x_wconf 86' lang='lat' dir='ltr'><strong>deumque</strong></span> 
     </span>
     <span class='ocr_line' id='line_1_30' title="bbox 154 2738 1026 2819; baseline -0.006 -22"><span class='ocrx_word' id='word_1_187' title='bbox 154 2739 277 2798; x_wconf 89' lang='lat' dir='ltr'><strong>aeternis</strong></span> <span class='ocrx_word' id='word_1_188' title='bbox 291 2740 362 2815; x_wconf 88' lang='lat' dir='ltr'><strong>regis</strong></span> <span class='ocrx_word' id='word_1_189' title='bbox 376 2738 502 2819; x_wconf 87' lang='lat' dir='ltr'><strong>imperiis</strong></span> <span class='ocrx_word' id='word_1_190' title='bbox 518 2753 546 2798; x_wconf 91' lang='lat' dir='ltr'><strong>et</strong></span> <span class='ocrx_word' id='word_1_191' title='bbox 561 2738 686 2797; x_wconf 88' lang='lat' dir='ltr'><strong>fulmine</strong></span> <span class='ocrx_word' id='word_1_192' title='bbox 701 2754 797 2808; x_wconf 87' lang='lat' dir='ltr'><strong>terres,</strong></span> <span class='ocrx_word' id='word_1_193' title='bbox 989 2767 1026 2804; x_wconf 63' lang='grc' dir='ltr'><strong>ψ</strong></span> 
     </span>
     <span class='ocr_line' id='line_1_31' title="bbox 154 2818 868 2910; baseline -0.004 -31"><span class='ocrx_word' id='word_1_194' title='bbox 154 2818 224 2899; x_wconf 89' lang='lat' dir='ltr'><strong>quid</strong></span> <span class='ocrx_word' id='word_1_195' title='bbox 239 2841 320 2879; x_wconf 90' lang='lat' dir='ltr'><strong>meus</strong></span> <span class='ocrx_word' id='word_1_196' title='bbox 334 2820 468 2878; x_wconf 87' lang='lat' dir='ltr'><strong>Aeneas&#39;</strong></span> <span class='ocrx_word' id='word_1_197' title='bbox 461 2841 491 2878; x_wconf 86' lang='grc' dir='ltr'><strong>ιιι</strong></span> <span class='ocrx_word' id='word_1_198' title='bbox 507 2836 536 2879; x_wconf 89' lang='lat' dir='ltr'><strong>te</strong></span> <span class='ocrx_word' id='word_1_199' title='bbox 552 2819 732 2878; x_wconf 90' lang='lat' dir='ltr'><strong>committere</strong></span> <span class='ocrx_word' id='word_1_200' title='bbox 747 2833 868 2910; x_wconf 80' lang='lat' dir='ltr'><strong>tantum,</strong></span> 
     </span>
     <span class='ocr_line' id='line_1_32' title="bbox 154 2897 867 2980; baseline -0.006 -21"><span class='ocrx_word' id='word_1_201' title='bbox 154 2900 226 2980; x_wconf 93' lang='lat' dir='ltr'><strong>quid</strong></span> <span class='ocrx_word' id='word_1_202' title='bbox 241 2901 334 2959; x_wconf 90' lang='lat' dir='ltr'><strong>Troes</strong></span> <span class='ocrx_word' id='word_1_203' title='bbox 348 2918 476 2979; x_wconf 89' lang='lat' dir='ltr'><strong>potuere,</strong></span> <span class='ocrx_word' id='word_1_204' title='bbox 493 2900 597 2980; x_wconf 88' lang='lat' dir='ltr'><strong>quibus</strong></span> <span class='ocrx_word' id='word_1_205' title='bbox 612 2916 654 2959; x_wconf 92' lang='lat' dir='ltr'><strong>tot</strong></span> <span class='ocrx_word' id='word_1_206' title='bbox 669 2899 769 2958; x_wconf 90' lang='lat' dir='ltr'><strong>funera</strong></span> <span class='ocrx_word' id='word_1_207' title='bbox 782 2897 867 2976; x_wconf 88' lang='lat' dir='ltr'><strong>passis</strong></span> 
     </span>
     <span class='ocr_line' id='line_1_33' title="bbox 155 2979 880 3040; baseline -0.007 0"><span class='ocrx_word' id='word_1_208' title='bbox 155 2997 278 3040; x_wconf 90' lang='lat' dir='ltr'><strong>cunctus</strong></span> <span class='ocrx_word' id='word_1_209' title='bbox 293 2982 330 3040; x_wconf 93' lang='lat' dir='ltr'><strong>ob</strong></span> <span class='ocrx_word' id='word_1_210' title='bbox 345 2981 458 3040; x_wconf 90' lang='lat' dir='ltr'><strong>Italiam</strong></span> <span class='ocrx_word' id='word_1_211' title='bbox 474 2997 612 3040; x_wconf 91' lang='lat' dir='ltr'><strong>terrarum</strong></span> <span class='ocrx_word' id='word_1_212' title='bbox 628 2980 770 3039; x_wconf 90' lang='lat' dir='ltr'><strong>clauditur</strong></span> <span class='ocrx_word' id='word_1_213' title='bbox 784 2979 880 3037; x_wconf 84' lang='lat' dir='ltr'><strong>orbis?</strong></span> 
     </span>
     <span class='ocr_line' id='line_1_34' title="bbox 154 3060 866 3130; baseline -0.003 -10"><span class='ocrx_word' id='word_1_214' title='bbox 154 3078 233 3120; x_wconf 88' lang='lat' dir='ltr'><strong>certe</strong></span> <span class='ocrx_word' id='word_1_215' title='bbox 248 3062 318 3122; x_wconf 84' lang='lat' dir='ltr'><strong>hinc</strong></span> <span class='ocrx_word' id='word_1_216' title='bbox 334 3061 477 3121; x_wconf 90' lang='lat' dir='ltr'><strong>Romanos</strong></span> <span class='ocrx_word' id='word_1_217' title='bbox 492 3062 562 3121; x_wconf 90' lang='lat' dir='ltr'><strong>olim</strong></span> <span class='ocrx_word' id='word_1_218' title='bbox 577 3060 761 3120; x_wconf 89' lang='lat' dir='ltr'><strong>volventibus</strong></span> <span class='ocrx_word' id='word_1_219' title='bbox 775 3060 866 3130; x_wconf 88' lang='lat' dir='ltr'><strong>annis,</strong></span> 
     </span>
     <span class='ocr_line' id='line_1_35' title="bbox 154 3140 921 3216; baseline -0.001 -16"><span class='ocrx_word' id='word_1_220' title='bbox 154 3142 224 3202; x_wconf 88' lang='lat' dir='ltr'><strong>hinc</strong></span> <span class='ocrx_word' id='word_1_221' title='bbox 239 3143 300 3200; x_wconf 84' lang='lat' dir='ltr'><strong>fore</strong></span> <span class='ocrx_word' id='word_1_222' title='bbox 315 3143 457 3215; x_wconf 88' lang='lat' dir='ltr'><strong>ductores,</strong></span> <span class='ocrx_word' id='word_1_223' title='bbox 470 3158 603 3202; x_wconf 90' lang='lat' dir='ltr'><strong>revocato</strong></span> <span class='ocrx_word' id='word_1_224' title='bbox 617 3163 634 3199; x_wconf 92' lang='lat' dir='ltr'><strong>a</strong></span> <span class='ocrx_word' id='word_1_225' title='bbox 648 3141 785 3216; x_wconf 87' lang='lat' dir='ltr'><strong>sanguine</strong></span> <span class='ocrx_word' id='word_1_226' title='bbox 801 3140 921 3212; x_wconf 84' lang='lat' dir='ltr'><strong>Teucri,</strong></span> 
     </span>
     <span class='ocr_line' id='line_1_36' title="bbox 154 3222 872 3303; baseline -0.003 -21"><span class='ocrx_word' id='word_1_227' title='bbox 154 3223 204 3302; x_wconf 90' lang='lat' dir='ltr'><strong>qui</strong></span> <span class='ocrx_word' id='word_1_228' title='bbox 220 3243 309 3294; x_wconf 89' lang='lat' dir='ltr'><strong>mare,</strong></span> <span class='ocrx_word' id='word_1_229' title='bbox 323 3224 373 3303; x_wconf 93' lang='lat' dir='ltr'><strong>qui</strong></span> <span class='ocrx_word' id='word_1_230' title='bbox 388 3240 474 3282; x_wconf 89' lang='lat' dir='ltr'><strong>terras</strong></span> <span class='ocrx_word' id='word_1_231' title='bbox 488 3244 588 3282; x_wconf 89' lang='lat' dir='ltr'><strong>omnes</strong></span> <span class='ocrx_word' id='word_1_232' title='bbox 604 3222 716 3281; x_wconf 91' lang='lat' dir='ltr'><strong>dicione</strong></span> <span class='ocrx_word' id='word_1_233' title='bbox 732 3236 872 3292; x_wconf 83' lang='lat' dir='ltr'><strong>tenerent,</strong></span> 
     </span>
     <span class='ocr_line' id='line_1_37' title="bbox 154 3302 887 3384; baseline -0.001 -22"><span class='ocrx_word' id='word_1_234' title='bbox 154 3303 326 3383; x_wconf 90' lang='lat' dir='ltr'><strong>pollicitus.</strong></span> <span class='ocrx_word' id='word_1_235' title='bbox 349 3325 421 3384; x_wconf 93' lang='lat' dir='ltr'><strong>quae</strong></span> <span class='ocrx_word' id='word_1_236' title='bbox 436 3321 475 3376; x_wconf 92' lang='lat' dir='ltr'><strong>te,</strong></span> <span class='ocrx_word' id='word_1_237' title='bbox 490 3302 610 3380; x_wconf 92' lang='lat' dir='ltr'><strong>genitor,</strong></span> <span class='ocrx_word' id='word_1_238' title='bbox 625 3303 766 3363; x_wconf 87' lang='lat' dir='ltr'><strong>sententia</strong></span> <span class='ocrx_word' id='word_1_239' title='bbox 780 3302 887 3362; x_wconf 81' lang='lat' dir='ltr'><strong>vertiti</strong></span> 
     </span>
    </p>
   </div>
   <div class='ocr_carea' id='block_1_6' title="bbox 503 3402 642 3466">
    <p class='ocr_par' dir='ltr' id='par_1_7' title="bbox 503 3402 642 3466">
     <span class='ocr_line' id='line_1_38' title="bbox 503 3402 642 3466; baseline -0.015 -15"><span class='ocrx_word' id='word_1_240' title='bbox 503 3404 551 3466; x_wconf 72' lang='lat'><strong>236</strong></span> <span class='ocrx_word' id='word_1_241' title='bbox 569 3402 642 3452; x_wconf 85' lang='lat' dir='ltr'><strong>omui.</strong></span> 
     </span>
    </p>
   </div>
   <div class='ocr_carea' id='block_1_7' title="bbox 0 0 1290 4112">
    <p class='ocr_par' dir='ltr' id='par_1_8' title="bbox 0 0 1290 4112">
     <span class='ocr_line' id='line_1_39' title="bbox 0 0 1290 4112; baseline 0 0"><span class='ocrx_word' id='word_1_242' title='bbox 0 0 1290 4112; x_wconf 95' lang='lat' dir='ltr'><strong> </strong></span> 
     </span>
    </p>
   </div>
  </div>
 </body>
</html>
