2562 4114
226 313 252 363 P.
270 311 414 361 VERGlLl
432 312 588 383 Mrtltortts
606 313 773 362 AENEIDOS
790 314 854 363 LlB.
872 315 910 364 IX
976 326 1023 380 275

159 443 311 520 Messapus
324 441 431 520 primas
446 441 530 515 acies,
545 459 691 520 postrema
706 453 841 504 coercent

157 522 323 602 Tyrrhidae
338 522 477 594 iuvenes;
499 521 596 581 medio
611 524 670 582 dux
685 524 800 600 agmine
814 525 935 584 Turnus

158 603 294 682 [vertitur
307 623 385 662 arma
400 619 503 662 tenens
519 620 549 663 et
563 620 624 663 toto
639 605 748 664 vertice
763 627 848 683 supra
862 607 928 685 est].

158 705 211 745 ceu
227 699 340 764 septem
354 706 471 760 surgens
486 685 591 744 sedatis
607 685 739 744 amnibus
755 687 827 745 altus
1000 718 1026 758 30

157 786 209 845 per
223 765 345 825 taciturn
361 765 478 842 Ganges
493 782 543 825 aut
557 766 658 844 pingui
674 767 795 826 flumine
811 767 900 826 Nilus

158 867 225 905 curn
241 845 338 905 refluit
353 847 460 925 campis
476 864 506 906 et
520 847 580 906 iam
593 868 623 907 se
637 848 771 907 condidit
786 849 879 908 alveo.

157 927 205 986 hic
222 925 346 986 subitam
362 927 444 1004 nigro
459 928 611 1005 glomerari
625 929 746 1007 pulvere
761 930 870 988 nubem

149 1007 339 1087 prospiciunt
355 1008 466 1067 Teucri
482 1030 515 1069 ac
531 1009 662 1068 tenebras
677 1009 823 1085 insurgere
838 1010 957 1088 campis.

156 1088 267 1166 primus
283 1089 318 1147 ab
333 1089 451 1147 adversa
466 1090 629 1149 conclamat
644 1090 721 1148 mole
737 1090 863 1150 Caicus:

138 1169 221 1248 ‘quis
236 1170 347 1245 globus,
363 1191 380 1228 o
395 1170 482 1243 cives,
497 1170 622 1246 caligine
637 1171 762 1230 volvitur
777 1175 856 1229 atra?

157 1251 231 1308 ferte
246 1250 299 1308 citi
314 1250 432 1323 ferrum,
447 1251 514 1310 date
530 1253 597 1323 tela,
611 1252 760 1311 ascendite
774 1271 879 1324 muros,

157 1331 247 1389 bostis
260 1330 350 1404 adest,
365 1331 465 1391 heial’
506 1331 619 1408 ingenti
635 1333 762 1393 clamore
776 1354 827 1411 per
841 1351 942 1390 omnes

158 1411 290 1471 condunt
305 1432 333 1470 se
348 1411 460 1471 Teucri
474 1429 570 1491 portas
585 1430 615 1472 et
628 1413 743 1473 moenia
758 1413 917 1491 complent.

157 1513 284 1571 namque
298 1493 338 1551 ita
353 1493 505 1552 discedens
518 1510 703 1574 praeceperat
717 1495 843 1574 optimus
858 1494 943 1553 armis
1002 1523 1028 1560 40

157 1574 289 1632 Aeneas:
311 1574 333 1632 si
349 1595 405 1653 qua
420 1574 532 1633 interea
546 1575 662 1634 fortuna
676 1575 786 1648 fuisset,

158 1675 216 1712 neu
231 1670 341 1713 struere
356 1655 495 1715 auderent
510 1656 601 1715 aciem
616 1657 805 1715 neu'credere
820 1677 942 1734 campo;

158 1751 249 1793 castra
263 1735 349 1794 modo
364 1752 393 1794 et
408 1751 486 1795 tutos
500 1753 648 1796 servarent
662 1757 763 1812 aggere
777 1757 882 1796 muros.

159 1835 226 1890 ergo
240 1815 292 1874 etsi
307 1816 439 1875 conferre
455 1837 575 1875 manum
589 1818 684 1895 pudor
697 1816 795 1894 iraque
810 1832 961 1888 monstrat,

159 1896 291 1955 obiciunt
305 1913 400 1975 portas
416 1912 514 1955 tamen
530 1912 560 1956 et
574 1912 729 1974 praecepte
744 1897 898 1969 facessunt,

159 1977 319 2055 armatique
334 1977 411 2036 cavis
428 1992 598 2054 exspectant
613 1977 738 2035 turribus
753 1978 876 2036 hostem.

159 2059 280 2116 Turnus
295 2073 328 2115 ut
342 2073 410 2115 ante
425 2058 525 2116 volans
542 2059 655 2116 tardum
669 2074 862 2135 praecesserat
877 2078 991 2136 agmen,

157 2138 262 2214 viginti
277 2137 361 2196 lectis
377 2137 509 2215 equitum
523 2138 678 2197 comitatus
694 2154 723 2197 et
738 2139 800 2197 urbi

159 2217 320 2296 inprovisus
335 2218 435 2289 adest,
456 2217 576 2278 maculis
592 2238 679 2297 quem
693 2219 841 2278 Thracius
855 2220 926 2279 albis

158 2315 253 2378 portat
268 2319 358 2377 equus
374 2299 517 2377 cristaque
533 2300 603 2376 tegit
617 2301 697 2394 galea
712 2321 797 2359 aurea
811 2302 906 2359 rubra.
1002 2329 1027 2367 ⁵0

139 2380 258 2459 ‘ecquis
273 2380 328 2438 erit
330 2401 480 2454 ,mecum,
496 2380 625 2453 iuvenes,
639 2381 689 2460 qui
704 2381 813 2475 primus
827 2381 859 2438 in
874 2382 1005 2438 hostem?

159 2459 264 2520 en--l'
285 2460 334 2534 ait,
351 2476 380 2519 et
394 2461 523 2520 iaculum
538 2477 704 2540 attorquens
720 2461 828 2521 emittit
842 2461 873 2520 in
890 2481 978 2533 auras,

158 2541 338 2620 principium
352 2563 476 2636 pugnae,
492 2557 522 2600 et
537 2562 639 2620 campo
655 2563 714 2602 sese
729 2543 834 2601 arduus
848 2542 946 2600 infert.

159 2623 315 2681 clamorem
328 2624 481 2702 excipiunt
495 2623 564 2682 socii
581 2624 756 2703 fremituque
771 2639 932 2702 sequuntur

159 2704 326 2775 horrisono;
347 2704 498 2764 Teucrum
513 2705 655 2764 mirantur
669 2705 774 2764 inertia
789 2704 895 2762 corda:

159 2804 217 2842 non
233 2805 325 2863 aequo
340 2786 406 2844 dare
422 2807 450 2844 se
466 2806 577 2864 campo,
593 2807 653 2844 non
669 2785 752 2844 obvia
767 2786 842 2844 ferre

159 2885 237 2923 arma
248 2865 331 2938 viros,
344 2867 394 2924 sed
405 2883 495 2925 castra
508 2867 615 2927 fovere.
657 2869 715 2925 huc
727 2866 857 2926 turbidus
868 2880 955 2942 atque
967 2864 1024 2922 huc

159 2946 260 3004 lustrat
275 2967 349 3025 equo
363 2967 459 3006 muros
475 2947 644 3026 aditumque
658 2968 710 3025 per
724 2946 787 3005 avla
802 2945 923 3024 quaerit.

159 3047 192 3085 ac
206 3026 298 3086 veluti
313 3027 401 3105 pleno
416 3028 502 3105 lupus
516 3028 667 3086 insidiatus
682 3027 751 3086 ovili

159 3127 226 3165 cum
241 3107 338 3166 fremit
353 3108 387 3166 ad
402 3109 507 3180 caulas,
522 3125 623 3167 ventos
637 3128 788 3186 perpessus
803 3123 833 3167 et
846 3105 961 3179 imbres,
1000 3122 1026 3163 so

159 3204 246 3246 nocte
262 3208 346 3265 super
360 3188 455 3247 media
464 3213 474 3257 ;
495 3189 551 3248 tuti
567 3189 619 3247 sub
634 3189 772 3248 matribus
786 3187 851 3263 agni

159 3267 286 3328 balatum
300 3286 438 3328 exercent
447 3295 456 3341 ;
478 3270 528 3329 ille
544 3290 626 3348 asper
641 3285 669 3328 et
683 3269 820 3348 inprobus
835 3269 876 3327 ira

244 3381 273 3428 37
291 3375 315 3414 et
326 3368 436 3418 scandite.
504 3381 531 3433 51
550 3367 642 3432 etquis.
710 3377 739 3430 52
757 3366 899 3430 intorquens.
