<?xml version="1.0" encoding="UTF-8"?>
<!DOCTYPE html PUBLIC "-//W3C//DTD XHTML 1.0 Transitional//EN"
    "http://www.w3.org/TR/xhtml1/DTD/xhtml1-transitional.dtd">
<html xmlns="http://www.w3.org/1999/xhtml" xml:lang="en" lang="en">
 <head>
  <title>
</title>
<meta http-equiv="Content-Type" content="text/html;charset=utf-8" />
  <meta name='ocr-system' content='tesseract 3.04.00' />
  <meta name='ocr-capabilities' content='ocr_page ocr_carea ocr_par ocr_line ocrx_word'/>
</head>
<body>
  <div class='ocr_page' id='page_1' title='image "./bucolicageorgic05virggoog/bucolicageorgic05virggoog_0196.png"; bbox 0 0 2558 4112; ppageno 0'>
   <div class='ocr_carea' id='block_1_1' title="bbox 429 348 1042 410">
    <p class='ocr_par' dir='ltr' id='par_1_1' title="bbox 429 348 1042 410">
     <span class='ocr_line' id='line_1_1' title="bbox 429 348 1042 410; baseline -0.007 -11"><span class='ocrx_word' id='word_1_1' title='bbox 429 351 599 400; x_wconf 87' lang='lat' dir='ltr'>AENEIDOS</span> <span class='ocrx_word' id='word_1_2' title='bbox 617 351 680 400; x_wconf 88' lang='lat' dir='ltr'><strong>LIB.</strong></span> <span class='ocrx_word' id='word_1_3' title='bbox 697 351 737 400; x_wconf 88' lang='lat' dir='ltr'>1v</span> <span class='ocrx_word' id='word_1_4' title='bbox 997 348 1042 410; x_wconf 80' lang='lat'>169</span> 
     </span>
    </p>
   </div>
   <div class='ocr_carea' id='block_1_2' title="bbox 151 480 1042 3462">
    <p class='ocr_par' dir='ltr' id='par_1_2' title="bbox 169 480 938 560">
     <span class='ocr_line' id='line_1_2' title="bbox 169 480 938 560; baseline -0.004 -17"><span class='ocrx_word' id='word_1_5' title='bbox 169 503 216 543; x_wconf 89' lang='lat' dir='ltr'>me</span> <span class='ocrx_word' id='word_1_6' title='bbox 231 481 321 560; x_wconf 89' lang='lat' dir='ltr'>patris</span> <span class='ocrx_word' id='word_1_7' title='bbox 334 480 489 553; x_wconf 77' lang='lat' dir='ltr'>Anchisae,</span> <span class='ocrx_word' id='word_1_8' title='bbox 502 481 636 560; x_wconf 90' lang='lat' dir='ltr'>quotiens</span> <span class='ocrx_word' id='word_1_9' title='bbox 651 481 818 540; x_wconf 88' lang='lat' dir='ltr'>umentibus</span> <span class='ocrx_word' id='word_1_10' title='bbox 831 482 938 542; x_wconf 90' lang='lat' dir='ltr'>umbris</span> 
     </span>
    </p>

    <p class='ocr_par' dir='ltr' id='par_1_3' title="bbox 167 561 1042 1369">
     <span class='ocr_line' id='line_1_3' title="bbox 168 561 927 642; baseline 0 -19"><span class='ocrx_word' id='word_1_11' title='bbox 168 585 228 623; x_wconf 88' lang='lat' dir='ltr'>nox</span> <span class='ocrx_word' id='word_1_12' title='bbox 243 561 336 642; x_wconf 91' lang='lat' dir='ltr'>operit</span> <span class='ocrx_word' id='word_1_13' title='bbox 349 577 447 635; x_wconf 88' lang='lat' dir='ltr'>terras,</span> <span class='ocrx_word' id='word_1_14' title='bbox 462 562 595 641; x_wconf 89' lang='lat' dir='ltr'>quotiens</span> <span class='ocrx_word' id='word_1_15' title='bbox 611 577 686 621; x_wconf 85' lang='lat' dir='ltr'>astra</span> <span class='ocrx_word' id='word_1_16' title='bbox 700 562 785 638; x_wconf 88' lang='lat' dir='ltr'>ignea</span> <span class='ocrx_word' id='word_1_17' title='bbox 799 579 927 640; x_wconf 88' lang='lat' dir='ltr'>surgunt,</span> 
     </span>
     <span class='ocr_line' id='line_1_4' title="bbox 168 643 881 736; baseline -0.001 -32"><span class='ocrx_word' id='word_1_18' title='bbox 168 643 329 704; x_wconf 86' lang='lat' dir='ltr'>admonet</span> <span class='ocrx_word' id='word_1_19' title='bbox 321 664 353 702; x_wconf 91' lang='grc' dir='ltr'>ιιι</span> <span class='ocrx_word' id='word_1_20' title='bbox 368 643 474 702; x_wconf 89' lang='lat' dir='ltr'>somnis</span> <span class='ocrx_word' id='word_1_21' title='bbox 490 658 520 702; x_wconf 93' lang='lat' dir='ltr'>et</span> <span class='ocrx_word' id='word_1_22' title='bbox 535 643 649 702; x_wconf 89' lang='lat' dir='ltr'>turbida</span> <span class='ocrx_word' id='word_1_23' title='bbox 665 659 755 702; x_wconf 89' lang='lat' dir='ltr'>terret</span> <span class='ocrx_word' id='word_1_24' title='bbox 768 643 881 736; x_wconf 81' lang='lat' dir='ltr'>imag03</span> 
     </span>
     <span class='ocr_line' id='line_1_5' title="bbox 168 724 847 804; baseline -0.004 -19"><span class='ocrx_word' id='word_1_25' title='bbox 168 745 216 785; x_wconf 91' lang='lat' dir='ltr'>me</span> <span class='ocrx_word' id='word_1_26' title='bbox 230 745 304 803; x_wconf 88' lang='lat' dir='ltr'>puer</span> <span class='ocrx_word' id='word_1_27' title='bbox 316 724 467 797; x_wconf 87' lang='lat' dir='ltr'>Ascanius,</span> <span class='ocrx_word' id='word_1_28' title='bbox 482 724 643 804; x_wconf 81' lang='lat' dir='ltr'>capitisque</span> <span class='ocrx_word' id='word_1_29' title='bbox 658 724 765 784; x_wconf 88' lang='lat' dir='ltr'>iniuria</span> <span class='ocrx_word' id='word_1_30' title='bbox 779 725 847 797; x_wconf 89' lang='lat' dir='ltr'>cari,</span> 
     </span>
     <span class='ocr_line' id='line_1_6' title="bbox 167 805 946 886; baseline 0 -21"><span class='ocrx_word' id='word_1_31' title='bbox 167 827 258 886; x_wconf 86' lang='lat' dir='ltr'>quem</span> <span class='ocrx_word' id='word_1_32' title='bbox 272 825 362 882; x_wconf 84' lang='lat' dir='ltr'>regno</span> <span class='ocrx_word' id='word_1_33' title='bbox 377 805 537 883; x_wconf 84' lang='lat' dir='ltr'>Hesperiae</span> <span class='ocrx_word' id='word_1_34' title='bbox 552 806 655 865; x_wconf 86' lang='lat' dir='ltr'>fraudo</span> <span class='ocrx_word' id='word_1_35' title='bbox 670 821 700 864; x_wconf 88' lang='lat' dir='ltr'>et</span> <span class='ocrx_word' id='word_1_36' title='bbox 714 805 849 865; x_wconf 85' lang='lat' dir='ltr'>fatalibus</span> <span class='ocrx_word' id='word_1_37' title='bbox 864 805 946 865; x_wconf 89' lang='lat' dir='ltr'>arvis.</span> 
     </span>
     <span class='ocr_line' id='line_1_7' title="bbox 169 885 1005 965; baseline -0.001 -19"><span class='ocrx_word' id='word_1_38' title='bbox 169 907 249 946; x_wconf 90' lang='lat' dir='ltr'>nunc</span> <span class='ocrx_word' id='word_1_39' title='bbox 265 886 353 946; x_wconf 89' lang='lat' dir='ltr'>etiam</span> <span class='ocrx_word' id='word_1_40' title='bbox 367 886 510 965; x_wconf 83' lang='lat' dir='ltr'>interpres</span> <span class='ocrx_word' id='word_1_41' title='bbox 525 886 635 958; x_wconf 90' lang='lat' dir='ltr'>divom,</span> <span class='ocrx_word' id='word_1_42' title='bbox 650 888 720 945; x_wconf 86' lang='lat' dir='ltr'>love</span> <span class='ocrx_word' id='word_1_43' title='bbox 735 887 836 945; x_wconf 89' lang='lat' dir='ltr'>missus</span> <span class='ocrx_word' id='word_1_44' title='bbox 851 885 910 946; x_wconf 84' lang='lat' dir='ltr'>ab</span> <span class='ocrx_word' id='word_1_45' title='bbox 901 907 1005 964; x_wconf 81' lang='lat' dir='ltr'>ipso——</span> 
     </span>
     <span class='ocr_line' id='line_1_8' title="bbox 169 967 993 1046; baseline 0 -20"><span class='ocrx_word' id='word_1_46' title='bbox 169 982 259 1027; x_wconf 88' lang='lat' dir='ltr'>testor</span> <span class='ocrx_word' id='word_1_47' title='bbox 272 983 427 1046; x_wconf 85' lang='lat' dir='ltr'>utrumque</span> <span class='ocrx_word' id='word_1_48' title='bbox 442 967 681 1046; x_wconf 86' lang='lat' dir='ltr'>caput-celeres</span> <span class='ocrx_word' id='word_1_49' title='bbox 696 967 833 1026; x_wconf 86' lang='lat' dir='ltr'>mandata</span> <span class='ocrx_word' id='word_1_50' title='bbox 847 988 899 1045; x_wconf 90' lang='lat' dir='ltr'>per</span> <span class='ocrx_word' id='word_1_51' title='bbox 913 988 993 1026; x_wconf 87' lang='lat' dir='ltr'>auras</span> 
     </span>
     <span class='ocr_line' id='line_1_9' title="bbox 168 1047 912 1126; baseline -0.003 -18"><span class='ocrx_word' id='word_1_52' title='bbox 168 1048 286 1108; x_wconf 89' lang='lat' dir='ltr'>detulit.</span> <span class='ocrx_word' id='word_1_53' title='bbox 329 1048 390 1126; x_wconf 88' lang='lat' dir='ltr'>ipse</span> <span class='ocrx_word' id='word_1_54' title='bbox 403 1049 492 1107; x_wconf 90' lang='lat' dir='ltr'>deum</span> <span class='ocrx_word' id='word_1_55' title='bbox 508 1047 686 1107; x_wconf 82' lang='lat' dir='ltr'>manifesto</span> <span class='ocrx_word' id='word_1_56' title='bbox 677 1068 709 1106; x_wconf 87' lang='grc' dir='ltr'>ιιι</span> <span class='ocrx_word' id='word_1_57' title='bbox 724 1048 838 1107; x_wconf 89' lang='lat' dir='ltr'>lumine</span> <span class='ocrx_word' id='word_1_58' title='bbox 853 1048 912 1106; x_wconf 89' lang='lat' dir='ltr'>vidi</span> 
     </span>
     <span class='ocr_line' id='line_1_10' title="bbox 169 1129 920 1208; baseline 0 -20"><span class='ocrx_word' id='word_1_59' title='bbox 169 1130 329 1189; x_wconf 87' lang='lat' dir='ltr'>intrantem</span> <span class='ocrx_word' id='word_1_60' title='bbox 343 1148 450 1201; x_wconf 89' lang='lat' dir='ltr'>muros,</span> <span class='ocrx_word' id='word_1_61' title='bbox 464 1148 625 1208; x_wconf 90' lang='lat' dir='ltr'>vocemque</span> <span class='ocrx_word' id='word_1_62' title='bbox 640 1129 684 1187; x_wconf 88' lang='lat' dir='ltr'>his</span> <span class='ocrx_word' id='word_1_63' title='bbox 699 1129 815 1187; x_wconf 90' lang='lat' dir='ltr'>auribus</span> <span class='ocrx_word' id='word_1_64' title='bbox 829 1129 920 1188; x_wconf 89' lang='lat' dir='ltr'>hausi.</span> 
     </span>
     <span class='ocr_line' id='line_1_11' title="bbox 169 1209 1042 1288; baseline -0.001 -19"><span class='ocrx_word' id='word_1_65' title='bbox 169 1210 270 1269; x_wconf 88' lang='lat' dir='ltr'>desine</span> <span class='ocrx_word' id='word_1_66' title='bbox 285 1229 391 1288; x_wconf 85' lang='lat' dir='ltr'>tneque</span> <span class='ocrx_word' id='word_1_67' title='bbox 406 1209 461 1268; x_wconf 90' lang='lat' dir='ltr'>tuis</span> <span class='ocrx_word' id='word_1_68' title='bbox 476 1209 636 1268; x_wconf 86' lang='lat' dir='ltr'>incendere</span> <span class='ocrx_word' id='word_1_69' title='bbox 651 1225 738 1288; x_wconf 89' lang='lat' dir='ltr'>teque</span> <span class='ocrx_word' id='word_1_70' title='bbox 753 1209 888 1288; x_wconf 87' lang='lat' dir='ltr'>querellis</span> <span class='ocrx_word' id='word_1_71' title='bbox 896 1235 907 1286; x_wconf 81' lang='lat'>3</span> <span class='ocrx_word' id='word_1_72' title='bbox 1003 1227 1042 1280; x_wconf 78' lang='lat'>360</span> 
     </span>
     <span class='ocr_line' id='line_1_12' title="bbox 171 1290 617 1369; baseline -0.002 -20"><span class='ocrx_word' id='word_1_73' title='bbox 171 1290 285 1350; x_wconf 87' lang='lat' dir='ltr'>Italiam</span> <span class='ocrx_word' id='word_1_74' title='bbox 300 1311 361 1349; x_wconf 93' lang='lat' dir='ltr'>non</span> <span class='ocrx_word' id='word_1_75' title='bbox 376 1305 479 1368; x_wconf 87' lang='lat' dir='ltr'>sponte</span> <span class='ocrx_word' id='word_1_76' title='bbox 493 1291 617 1369; x_wconf 89' lang='lat' dir='ltr'>sequor.’</span> 
     </span>
    </p>

    <p class='ocr_par' dir='ltr' id='par_1_4' title="bbox 171 1370 884 1611">
     <span class='ocr_line' id='line_1_13' title="bbox 211 1370 860 1443; baseline -0.003 -13"><span class='ocrx_word' id='word_1_77' title='bbox 211 1371 280 1430; x_wconf 84' lang='lat' dir='ltr'>talia</span> <span class='ocrx_word' id='word_1_78' title='bbox 293 1371 443 1430; x_wconf 88' lang='lat' dir='ltr'>dicentem</span> <span class='ocrx_word' id='word_1_79' title='bbox 457 1370 629 1430; x_wconf 89' lang='lat' dir='ltr'>iamdudum</span> <span class='ocrx_word' id='word_1_80' title='bbox 644 1391 740 1430; x_wconf 83' lang='lat' dir='ltr'>aversa</span> <span class='ocrx_word' id='word_1_81' title='bbox 754 1386 860 1443; x_wconf 89' lang='lat' dir='ltr'>tuetur,</span> 
     </span>
     <span class='ocr_line' id='line_1_14' title="bbox 171 1452 884 1530; baseline 0.001 -19"><span class='ocrx_word' id='word_1_82' title='bbox 171 1455 228 1512; x_wconf 87' lang='lat' dir='ltr'>huc</span> <span class='ocrx_word' id='word_1_83' title='bbox 243 1452 315 1512; x_wconf 89' lang='lat' dir='ltr'>illuc</span> <span class='ocrx_word' id='word_1_84' title='bbox 330 1453 449 1511; x_wconf 83' lang='lat' dir='ltr'>volvens</span> <span class='ocrx_word' id='word_1_85' title='bbox 465 1452 575 1524; x_wconf 90' lang='lat' dir='ltr'>oculos,</span> <span class='ocrx_word' id='word_1_86' title='bbox 590 1465 743 1530; x_wconf 87' lang='lat' dir='ltr'>totumque</span> <span class='ocrx_word' id='word_1_87' title='bbox 756 1467 884 1529; x_wconf 82' lang='lat' dir='ltr'>pererrat</span> 
     </span>
     <span class='ocr_line' id='line_1_15' title="bbox 171 1532 845 1611; baseline 0.001 -20"><span class='ocrx_word' id='word_1_88' title='bbox 171 1533 328 1592; x_wconf 89' lang='lat' dir='ltr'>luminibus</span> <span class='ocrx_word' id='word_1_89' title='bbox 344 1533 448 1605; x_wconf 85' lang='lat' dir='ltr'>tacitis,</span> <span class='ocrx_word' id='word_1_90' title='bbox 465 1548 494 1592; x_wconf 93' lang='lat' dir='ltr'>et</span> <span class='ocrx_word' id='word_1_91' title='bbox 508 1532 548 1592; x_wconf 91' lang='lat' dir='ltr'>sic</span> <span class='ocrx_word' id='word_1_92' title='bbox 562 1553 684 1592; x_wconf 86' lang='lat' dir='ltr'>accensa</span> <span class='ocrx_word' id='word_1_93' title='bbox 697 1534 845 1611; x_wconf 90' lang='lat' dir='ltr'>profatur:</span> 
     </span>
    </p>

    <p class='ocr_par' dir='ltr' id='par_1_5' title="bbox 151 1613 1042 3462">
     <span class='ocr_line' id='line_1_16' title="bbox 151 1613 992 1692; baseline -0.002 -19"><span class='ocrx_word' id='word_1_94' title='bbox 151 1619 226 1674; x_wconf 91' lang='lat' dir='ltr'>‘nec</span> <span class='ocrx_word' id='word_1_95' title='bbox 241 1613 293 1672; x_wconf 91' lang='lat' dir='ltr'>tibi</span> <span class='ocrx_word' id='word_1_96' title='bbox 308 1613 374 1672; x_wconf 85' lang='lat' dir='ltr'>diva</span> <span class='ocrx_word' id='word_1_97' title='bbox 388 1634 500 1692; x_wconf 90' lang='lat' dir='ltr'>parens,</span> <span class='ocrx_word' id='word_1_98' title='bbox 515 1614 629 1690; x_wconf 89' lang='lat' dir='ltr'>generis</span> <span class='ocrx_word' id='word_1_99' title='bbox 644 1633 699 1672; x_wconf 83' lang='lat' dir='ltr'>nec</span> <span class='ocrx_word' id='word_1_100' title='bbox 714 1614 867 1673; x_wconf 90' lang='lat' dir='ltr'>Dardanus</span> <span class='ocrx_word' id='word_1_101' title='bbox 882 1627 992 1685; x_wconf 86' lang='lat' dir='ltr'>auctor,</span> 
     </span>
     <span class='ocr_line' id='line_1_17' title="bbox 170 1693 901 1774; baseline -0.003 -20"><span class='ocrx_word' id='word_1_102' title='bbox 170 1694 300 1774; x_wconf 86' lang='lat' dir='ltr'>perfide;</span> <span class='ocrx_word' id='word_1_103' title='bbox 320 1695 371 1754; x_wconf 90' lang='lat' dir='ltr'>sed</span> <span class='ocrx_word' id='word_1_104' title='bbox 385 1695 462 1754; x_wconf 89' lang='lat' dir='ltr'>duris</span> <span class='ocrx_word' id='word_1_105' title='bbox 476 1695 577 1772; x_wconf 89' lang='lat' dir='ltr'>genuit</span> <span class='ocrx_word' id='word_1_106' title='bbox 590 1711 619 1754; x_wconf 92' lang='lat' dir='ltr'>te</span> <span class='ocrx_word' id='word_1_107' title='bbox 634 1693 766 1754; x_wconf 87' lang='lat' dir='ltr'>cautibus</span> <span class='ocrx_word' id='word_1_108' title='bbox 781 1696 901 1754; x_wconf 87' lang='lat' dir='ltr'>horrens</span> 
     </span>
     <span class='ocr_line' id='line_1_18' title="bbox 172 1774 940 1854; baseline -0.001 -19"><span class='ocrx_word' id='word_1_109' title='bbox 172 1775 327 1848; x_wconf 80' lang='lat' dir='ltr'>Caucasus,</span> <span class='ocrx_word' id='word_1_110' title='bbox 344 1776 557 1854; x_wconf 89' lang='lat' dir='ltr'>Hyrcanaeque</span> <span class='ocrx_word' id='word_1_111' title='bbox 572 1776 728 1834; x_wconf 90' lang='lat' dir='ltr'>admorunt</span> <span class='ocrx_word' id='word_1_112' title='bbox 743 1775 831 1834; x_wconf 83' lang='lat' dir='ltr'>ubera</span> <span class='ocrx_word' id='word_1_113' title='bbox 845 1774 940 1850; x_wconf 86' lang='lat' dir='ltr'>tigres.</span> 
     </span>
     <span class='ocr_line' id='line_1_19' title="bbox 171 1855 1040 1934; baseline -0.001 -20"><span class='ocrx_word' id='word_1_114' title='bbox 171 1856 322 1934; x_wconf 88' lang='lat' dir='ltr'>namquid</span> <span class='ocrx_word' id='word_1_115' title='bbox 336 1856 504 1916; x_wconf 81' lang='lat' dir='ltr'>dissimulo?</span> <span class='ocrx_word' id='word_1_116' title='bbox 525 1871 575 1914; x_wconf 92' lang='lat' dir='ltr'>aut</span> <span class='ocrx_word' id='word_1_117' title='bbox 589 1875 664 1934; x_wconf 88' lang='lat' dir='ltr'>quae</span> <span class='ocrx_word' id='word_1_118' title='bbox 679 1875 726 1912; x_wconf 92' lang='lat' dir='ltr'>me</span> <span class='ocrx_word' id='word_1_119' title='bbox 738 1855 774 1912; x_wconf 91' lang='lat' dir='ltr'>ad</span> <span class='ocrx_word' id='word_1_120' title='bbox 788 1855 897 1913; x_wconf 87' lang='lat' dir='ltr'>maiora</span> <span class='ocrx_word' id='word_1_121' title='bbox 908 1859 1040 1914; x_wconf 74' lang='lat' dir='ltr'>reservo?</span> 
     </span>
     <span class='ocr_line' id='line_1_20' title="bbox 171 1934 1041 2029; baseline -0.003 -33"><span class='ocrx_word' id='word_1_122' title='bbox 171 1957 243 1996; x_wconf 90' lang='lat' dir='ltr'>num</span> <span class='ocrx_word' id='word_1_123' title='bbox 257 1936 328 1997; x_wconf 90' lang='lat' dir='ltr'>fletu</span> <span class='ocrx_word' id='word_1_124' title='bbox 342 1936 485 2029; x_wconf 81' lang='lat' dir='ltr'>ingemuit</span> <span class='ocrx_word' id='word_1_125' title='bbox 500 1941 616 1994; x_wconf 86' lang='lat' dir='ltr'>nostro?</span> <span class='ocrx_word' id='word_1_126' title='bbox 638 1955 709 1994; x_wconf 89' lang='lat' dir='ltr'>num</span> <span class='ocrx_word' id='word_1_127' title='bbox 724 1935 836 1995; x_wconf 90' lang='lat' dir='ltr'>lumina</span> <span class='ocrx_word' id='word_1_128' title='bbox 849 1934 949 1994; x_wconf 86' lang='lat' dir='ltr'>flexit?</span> <span class='ocrx_word' id='word_1_129' title='bbox 1003 1953 1041 2005; x_wconf 82' lang='lat'>3⁶⁹</span> 
     </span>
     <span class='ocr_line' id='line_1_21' title="bbox 171 2015 1041 2089; baseline -0.003 -13"><span class='ocrx_word' id='word_1_130' title='bbox 171 2038 243 2078; x_wconf 89' lang='lat' dir='ltr'>num</span> <span class='ocrx_word' id='word_1_131' title='bbox 254 2018 385 2077; x_wconf 88' lang='lat' dir='ltr'>lacrimas</span> <span class='ocrx_word' id='word_1_132' title='bbox 396 2017 491 2076; x_wconf 88' lang='lat' dir='ltr'>victus</span> <span class='ocrx_word' id='word_1_133' title='bbox 501 2015 591 2089; x_wconf 89' lang='lat' dir='ltr'>dedit,</span> <span class='ocrx_word' id='word_1_134' title='bbox 602 2032 650 2076; x_wconf 89' lang='lat' dir='ltr'>aut</span> <span class='ocrx_word' id='word_1_135' title='bbox 661 2017 809 2076; x_wconf 88' lang='lat' dir='ltr'>miseratus</span> <span class='ocrx_word' id='word_1_136' title='bbox 820 2031 968 2077; x_wconf 83' lang='lat' dir='ltr'>amantem</span> <span class='ocrx_word' id='word_1_137' title='bbox 980 2021 1041 2076; x_wconf 81' lang='lat' dir='ltr'>est?</span> 
     </span>
     <span class='ocr_line' id='line_1_22' title="bbox 170 2096 1025 2178; baseline -0.004 -20"><span class='ocrx_word' id='word_1_138' title='bbox 170 2120 245 2178; x_wconf 89' lang='lat' dir='ltr'>quae</span> <span class='ocrx_word' id='word_1_139' title='bbox 260 2097 364 2176; x_wconf 87' lang='lat' dir='ltr'>quibus</span> <span class='ocrx_word' id='word_1_140' title='bbox 380 2096 594 2156; x_wconf 74' lang='lat' dir='ltr'>anteferam?</span> <span class='ocrx_word' id='word_1_141' title='bbox 586 2117 644 2156; x_wconf 88' lang='lat' dir='ltr'>ram</span> <span class='ocrx_word' id='word_1_142' title='bbox 659 2097 716 2156; x_wconf 90' lang='lat' dir='ltr'>iam</span> <span class='ocrx_word' id='word_1_143' title='bbox 730 2119 785 2158; x_wconf 91' lang='lat' dir='ltr'>nec</span> <span class='ocrx_word' id='word_1_144' title='bbox 800 2097 926 2157; x_wconf 79' lang='lat' dir='ltr'>maxima</span> <span class='ocrx_word' id='word_1_145' title='bbox 940 2099 1025 2168; x_wconf 90' lang='lat' dir='ltr'>Iuno,</span> 
     </span>
     <span class='ocr_line' id='line_1_23' title="bbox 170 2176 920 2258; baseline -0.001 -20"><span class='ocrx_word' id='word_1_146' title='bbox 170 2200 226 2239; x_wconf 92' lang='lat' dir='ltr'>nec</span> <span class='ocrx_word' id='word_1_147' title='bbox 243 2177 394 2238; x_wconf 86' lang='lat' dir='ltr'>Saturnius</span> <span class='ocrx_word' id='word_1_148' title='bbox 407 2179 481 2236; x_wconf 88' lang='lat' dir='ltr'>haec</span> <span class='ocrx_word' id='word_1_149' title='bbox 496 2176 587 2235; x_wconf 88' lang='lat' dir='ltr'>oculis</span> <span class='ocrx_word' id='word_1_150' title='bbox 601 2193 682 2255; x_wconf 89' lang='lat' dir='ltr'>pater</span> <span class='ocrx_word' id='word_1_151' title='bbox 696 2178 798 2255; x_wconf 85' lang='lat' dir='ltr'>aspicit</span> <span class='ocrx_word' id='word_1_152' title='bbox 811 2179 920 2258; x_wconf 86' lang='lat' dir='ltr'>aequis.</span> 
     </span>
     <span class='ocr_line' id='line_1_24' title="bbox 170 2257 918 2353; baseline -0.001 -34"><span class='ocrx_word' id='word_1_153' title='bbox 170 2277 314 2353; x_wconf 82' lang='lat' dir='ltr'>nusquam</span> <span class='ocrx_word' id='word_1_154' title='bbox 329 2273 391 2318; x_wconf 89' lang='lat' dir='ltr'>tuta</span> <span class='ocrx_word' id='word_1_155' title='bbox 406 2258 485 2317; x_wconf 90' lang='lat' dir='ltr'>fides.</span> <span class='ocrx_word' id='word_1_156' title='bbox 527 2257 654 2316; x_wconf 88' lang='lat' dir='ltr'>eiectum</span> <span class='ocrx_word' id='word_1_157' title='bbox 673 2258 766 2330; x_wconf 89' lang='lat' dir='ltr'>litore,</span> <span class='ocrx_word' id='word_1_158' title='bbox 782 2275 918 2335; x_wconf 84' lang='lat' dir='ltr'>egentem</span> 
     </span>
     <span class='ocr_line' id='line_1_25' title="bbox 172 2339 829 2417; baseline -0.005 -17"><span class='ocrx_word' id='word_1_159' title='bbox 172 2339 284 2417; x_wconf 85' lang='lat' dir='ltr'>excepi,</span> <span class='ocrx_word' id='word_1_160' title='bbox 301 2354 330 2398; x_wconf 86' lang='lat' dir='ltr'>et</span> <span class='ocrx_word' id='word_1_161' title='bbox 343 2359 424 2415; x_wconf 79' lang='lat' dir='ltr'>regns</span> <span class='ocrx_word' id='word_1_162' title='bbox 416 2339 581 2398; x_wconf 88' lang='lat' dir='ltr'>demens&#39;</span> <span class='ocrx_word' id='word_1_163' title='bbox 574 2359 604 2396; x_wconf 79' lang='grc' dir='ltr'>ιιι</span> <span class='ocrx_word' id='word_1_164' title='bbox 619 2354 701 2416; x_wconf 89' lang='lat' dir='ltr'>parte</span> <span class='ocrx_word' id='word_1_165' title='bbox 716 2339 829 2410; x_wconf 81' lang='lat' dir='ltr'>locavi3</span> 
     </span>
     <span class='ocr_line' id='line_1_26' title="bbox 172 2419 819 2491; baseline -0.002 -11"><span class='ocrx_word' id='word_1_166' title='bbox 172 2421 303 2480; x_wconf 85' lang='lat' dir='ltr'>amissam</span> <span class='ocrx_word' id='word_1_167' title='bbox 318 2420 449 2491; x_wconf 88' lang='lat' dir='ltr'>classem,</span> <span class='ocrx_word' id='word_1_168' title='bbox 464 2419 554 2478; x_wconf 90' lang='lat' dir='ltr'>socios</span> <span class='ocrx_word' id='word_1_169' title='bbox 569 2440 585 2478; x_wconf 90' lang='lat' dir='ltr'>a</span> <span class='ocrx_word' id='word_1_170' title='bbox 599 2435 691 2478; x_wconf 90' lang='lat' dir='ltr'>morte</span> <span class='ocrx_word' id='word_1_171' title='bbox 706 2420 819 2479; x_wconf 84' lang='lat' dir='ltr'>reduxi.</span> 
     </span>
     <span class='ocr_line' id='line_1_27' title="bbox 171 2500 919 2578; baseline -0.003 -18"><span class='ocrx_word' id='word_1_172' title='bbox 171 2503 228 2560; x_wconf 89' lang='lat' dir='ltr'>heu</span> <span class='ocrx_word' id='word_1_173' title='bbox 244 2500 324 2560; x_wconf 87' lang='lat' dir='ltr'>furiis</span> <span class='ocrx_word' id='word_1_174' title='bbox 338 2500 457 2560; x_wconf 89' lang='lat' dir='ltr'>incensa</span> <span class='ocrx_word' id='word_1_175' title='bbox 471 2500 563 2560; x_wconf 87' lang='lat' dir='ltr'>feror!</span> <span class='ocrx_word' id='word_1_176' title='bbox 605 2521 684 2560; x_wconf 88' lang='lat' dir='ltr'>nunc</span> <span class='ocrx_word' id='word_1_177' title='bbox 699 2521 788 2577; x_wconf 82' lang='lat' dir='ltr'>augur</span> <span class='ocrx_word' id='word_1_178' title='bbox 801 2501 919 2578; x_wconf 89' lang='lat' dir='ltr'>Apollo,</span> 
     </span>
     <span class='ocr_line' id='line_1_28' title="bbox 172 2581 955 2659; baseline -0.001 -18"><span class='ocrx_word' id='word_1_179' title='bbox 172 2603 253 2642; x_wconf 91' lang='lat' dir='ltr'>nunc</span> <span class='ocrx_word' id='word_1_180' title='bbox 268 2581 376 2659; x_wconf 86' lang='lat' dir='ltr'>Lyciae</span> <span class='ocrx_word' id='word_1_181' title='bbox 390 2597 488 2654; x_wconf 88' lang='lat' dir='ltr'>sortes,</span> <span class='ocrx_word' id='word_1_182' title='bbox 504 2601 583 2640; x_wconf 89' lang='lat' dir='ltr'>nunc</span> <span class='ocrx_word' id='word_1_183' title='bbox 599 2597 629 2641; x_wconf 87' lang='lat' dir='ltr'>et</span> <span class='ocrx_word' id='word_1_184' title='bbox 643 2583 713 2641; x_wconf 83' lang='lat' dir='ltr'>Iove</span> <span class='ocrx_word' id='word_1_185' title='bbox 728 2582 828 2641; x_wconf 87' lang='lat' dir='ltr'>missus</span> <span class='ocrx_word' id='word_1_186' title='bbox 842 2581 878 2640; x_wconf 86' lang='lat' dir='ltr'>ab</span> <span class='ocrx_word' id='word_1_187' title='bbox 892 2581 955 2658; x_wconf 91' lang='lat' dir='ltr'>ipso</span> 
     </span>
     <span class='ocr_line' id='line_1_29' title="bbox 171 2662 882 2741; baseline 0 -19"><span class='ocrx_word' id='word_1_188' title='bbox 171 2663 313 2740; x_wconf 87' lang='lat' dir='ltr'>interpres</span> <span class='ocrx_word' id='word_1_189' title='bbox 326 2662 426 2721; x_wconf 89' lang='lat' dir='ltr'>divom</span> <span class='ocrx_word' id='word_1_190' title='bbox 440 2662 495 2722; x_wconf 88' lang='lat' dir='ltr'>fert</span> <span class='ocrx_word' id='word_1_191' title='bbox 510 2662 624 2722; x_wconf 86' lang='lat' dir='ltr'>horrida</span> <span class='ocrx_word' id='word_1_192' title='bbox 639 2663 712 2722; x_wconf 90' lang='lat' dir='ltr'>iussa</span> <span class='ocrx_word' id='word_1_193' title='bbox 725 2683 778 2741; x_wconf 88' lang='lat' dir='ltr'>per</span> <span class='ocrx_word' id='word_1_194' title='bbox 791 2682 882 2722; x_wconf 89' lang='lat' dir='ltr'>auras.</span> 
     </span>
     <span class='ocr_line' id='line_1_30' title="bbox 172 2742 868 2822; baseline 0.001 -20"><span class='ocrx_word' id='word_1_195' title='bbox 172 2743 284 2802; x_wconf 90' lang='lat' dir='ltr'>scilicet</span> <span class='ocrx_word' id='word_1_196' title='bbox 298 2742 322 2801; x_wconf 88' lang='lat' dir='ltr'>is</span> <span class='ocrx_word' id='word_1_197' title='bbox 337 2743 445 2822; x_wconf 85' lang='lat' dir='ltr'>superis</span> <span class='ocrx_word' id='word_1_198' title='bbox 459 2743 541 2802; x_wconf 91' lang='lat' dir='ltr'>labor</span> <span class='ocrx_word' id='word_1_199' title='bbox 555 2760 607 2817; x_wconf 91' lang='lat' dir='ltr'>est,</span> <span class='ocrx_word' id='word_1_200' title='bbox 623 2765 656 2802; x_wconf 90' lang='lat' dir='ltr'>ea</span> <span class='ocrx_word' id='word_1_201' title='bbox 671 2763 741 2802; x_wconf 87' lang='lat' dir='ltr'>cura</span> <span class='ocrx_word' id='word_1_202' title='bbox 755 2743 868 2822; x_wconf 89' lang='lat' dir='ltr'>quietos</span> 
     </span>
     <span class='ocr_line' id='line_1_31' title="bbox 173 2823 1042 2903; baseline 0 -21"><span class='ocrx_word' id='word_1_203' title='bbox 173 2823 320 2884; x_wconf 85' lang='lat' dir='ltr'>sollicitat.</span> <span class='ocrx_word' id='word_1_204' title='bbox 362 2845 458 2903; x_wconf 88' lang='lat' dir='ltr'>neque</span> <span class='ocrx_word' id='word_1_205' title='bbox 473 2840 503 2883; x_wconf 89' lang='lat' dir='ltr'>te</span> <span class='ocrx_word' id='word_1_206' title='bbox 518 2841 613 2896; x_wconf 90' lang='lat' dir='ltr'>teneo,</span> <span class='ocrx_word' id='word_1_207' title='bbox 630 2844 726 2902; x_wconf 88' lang='lat' dir='ltr'>neque</span> <span class='ocrx_word' id='word_1_208' title='bbox 741 2825 820 2883; x_wconf 91' lang='lat' dir='ltr'>dicta</span> <span class='ocrx_word' id='word_1_209' title='bbox 835 2823 947 2882; x_wconf 90' lang='lat' dir='ltr'>refello.</span> <span class='ocrx_word' id='word_1_210' title='bbox 1003 2839 1042 2892; x_wconf 79' lang='lat'>380</span> 
     </span>
     <span class='ocr_line' id='line_1_32' title="bbox 172 2904 941 2984; baseline 0 -22"><span class='ocrx_word' id='word_1_211' title='bbox 172 2904 191 2976; x_wconf 92' lang='lat' dir='ltr'>i,</span> <span class='ocrx_word' id='word_1_212' title='bbox 207 2924 327 2983; x_wconf 85' lang='lat' dir='ltr'>sequere</span> <span class='ocrx_word' id='word_1_213' title='bbox 342 2905 467 2978; x_wconf 90' lang='lat' dir='ltr'>Italiam,</span> <span class='ocrx_word' id='word_1_214' title='bbox 481 2906 577 2966; x_wconf 85' lang='lat' dir='ltr'>ventis</span> <span class='ocrx_word' id='word_1_215' title='bbox 591 2921 657 2984; x_wconf 89' lang='lat' dir='ltr'>pete</span> <span class='ocrx_word' id='word_1_216' title='bbox 672 2925 761 2982; x_wconf 89' lang='lat' dir='ltr'>regna</span> <span class='ocrx_word' id='word_1_217' title='bbox 775 2924 827 2982; x_wconf 90' lang='lat' dir='ltr'>per</span> <span class='ocrx_word' id='word_1_218' title='bbox 841 2904 941 2963; x_wconf 87' lang='lat' dir='ltr'>undas.</span> 
     </span>
     <span class='ocr_line' id='line_1_33' title="bbox 172 2985 995 3064; baseline 0.001 -21"><span class='ocrx_word' id='word_1_219' title='bbox 172 3005 254 3062; x_wconf 91' lang='lat' dir='ltr'>spero</span> <span class='ocrx_word' id='word_1_220' title='bbox 269 2985 405 3064; x_wconf 89' lang='lat' dir='ltr'>equidem</span> <span class='ocrx_word' id='word_1_221' title='bbox 420 2985 531 3058; x_wconf 89' lang='lat' dir='ltr'>mediis,</span> <span class='ocrx_word' id='word_1_222' title='bbox 547 2986 569 3044; x_wconf 91' lang='lat' dir='ltr'>si</span> <span class='ocrx_word' id='word_1_223' title='bbox 584 2986 654 3064; x_wconf 92' lang='lat' dir='ltr'>quid</span> <span class='ocrx_word' id='word_1_224' title='bbox 668 2986 716 3064; x_wconf 92' lang='lat' dir='ltr'>pia</span> <span class='ocrx_word' id='word_1_225' title='bbox 731 2985 853 3044; x_wconf 89' lang='lat' dir='ltr'>numina</span> <span class='ocrx_word' id='word_1_226' title='bbox 866 3001 995 3063; x_wconf 87' lang='lat' dir='ltr'>possunt,</span> 
     </span>
     <span class='ocr_line' id='line_1_34' title="bbox 172 3066 903 3147; baseline 0.003 -23"><span class='ocrx_word' id='word_1_227' title='bbox 172 3066 314 3145; x_wconf 89' lang='lat' dir='ltr'>supplicia</span> <span class='ocrx_word' id='word_1_228' title='bbox 327 3069 486 3127; x_wconf 89' lang='lat' dir='ltr'>hausurum</span> <span class='ocrx_word' id='word_1_229' title='bbox 499 3067 634 3147; x_wconf 88' lang='lat' dir='ltr'>scopulis,</span> <span class='ocrx_word' id='word_1_230' title='bbox 648 3082 677 3125; x_wconf 90' lang='lat' dir='ltr'>et</span> <span class='ocrx_word' id='word_1_231' title='bbox 692 3066 810 3126; x_wconf 87' lang='lat' dir='ltr'>nomine</span> <span class='ocrx_word' id='word_1_232' title='bbox 823 3066 903 3126; x_wconf 92' lang='lat' dir='ltr'>Dido</span> 
     </span>
     <span class='ocr_line' id='line_1_35' title="bbox 173 3147 939 3228; baseline 0.003 -24"><span class='ocrx_word' id='word_1_233' title='bbox 173 3167 257 3224; x_wconf 85' lang='lat' dir='ltr'>saepe</span> <span class='ocrx_word' id='word_1_234' title='bbox 272 3164 451 3208; x_wconf 86' lang='lat' dir='ltr'>vocaturum.</span> <span class='ocrx_word' id='word_1_235' title='bbox 493 3169 595 3228; x_wconf 89' lang='lat' dir='ltr'>sequar</span> <span class='ocrx_word' id='word_1_236' title='bbox 609 3147 675 3206; x_wconf 90' lang='lat' dir='ltr'>atris</span> <span class='ocrx_word' id='word_1_237' title='bbox 691 3147 804 3224; x_wconf 88' lang='lat' dir='ltr'>ignibus</span> <span class='ocrx_word' id='word_1_238' title='bbox 820 3148 939 3218; x_wconf 89' lang='lat' dir='ltr'>absens;</span> 
     </span>
     <span class='ocr_line' id='line_1_36' title="bbox 174 3228 864 3304; baseline 0.006 -20"><span class='ocrx_word' id='word_1_239' title='bbox 174 3241 203 3285; x_wconf 91' lang='lat' dir='ltr'>et</span> <span class='ocrx_word' id='word_1_240' title='bbox 217 3247 284 3286; x_wconf 89' lang='lat' dir='ltr'>cum</span> <span class='ocrx_word' id='word_1_241' title='bbox 299 3228 402 3304; x_wconf 86' lang='lat' dir='ltr'>frigida</span> <span class='ocrx_word' id='word_1_242' title='bbox 417 3249 492 3288; x_wconf 85' lang='lat' dir='ltr'>mors</span> <span class='ocrx_word' id='word_1_243' title='bbox 507 3229 603 3288; x_wconf 89' lang='lat' dir='ltr'>anima</span> <span class='ocrx_word' id='word_1_244' title='bbox 617 3229 764 3287; x_wconf 84' lang='lat' dir='ltr'>seduxerit</span> <span class='ocrx_word' id='word_1_245' title='bbox 778 3245 864 3301; x_wconf 88' lang='lat' dir='ltr'>artus,</span> 
     </span>
     <span class='ocr_line' id='line_1_37' title="bbox 173 3308 1040 3388; baseline 0.001 -23"><span class='ocrx_word' id='word_1_246' title='bbox 173 3308 309 3367; x_wconf 89' lang='lat' dir='ltr'>omnibus</span> <span class='ocrx_word' id='word_1_247' title='bbox 324 3311 425 3368; x_wconf 83' lang='lat' dir='ltr'>umbra</span> <span class='ocrx_word' id='word_1_248' title='bbox 440 3311 510 3369; x_wconf 91' lang='lat' dir='ltr'>locis</span> <span class='ocrx_word' id='word_1_249' title='bbox 525 3310 620 3369; x_wconf 84' lang='lat' dir='ltr'>adero.</span> <span class='ocrx_word' id='word_1_250' title='bbox 663 3309 752 3382; x_wconf 88' lang='lat' dir='ltr'>dabis,</span> <span class='ocrx_word' id='word_1_251' title='bbox 765 3310 897 3388; x_wconf 89' lang='lat' dir='ltr'>inprobe,</span> <span class='ocrx_word' id='word_1_252' title='bbox 913 3327 1040 3386; x_wconf 79' lang='lat' dir='ltr'>poenas3</span> 
     </span>
     <span class='ocr_line' id='line_1_38' title="bbox 175 3387 1020 3462; baseline -0.001 -16"><span class='ocrx_word' id='word_1_253' title='bbox 175 3388 299 3462; x_wconf 88' lang='lat' dir='ltr'>audiam,</span> <span class='ocrx_word' id='word_1_254' title='bbox 316 3406 345 3449; x_wconf 93' lang='lat' dir='ltr'>et</span> <span class='ocrx_word' id='word_1_255' title='bbox 358 3392 431 3450; x_wconf 90' lang='lat' dir='ltr'>haec</span> <span class='ocrx_word' id='word_1_256' title='bbox 447 3392 553 3450; x_wconf 87' lang='lat' dir='ltr'>Manes</span> <span class='ocrx_word' id='word_1_257' title='bbox 567 3390 667 3450; x_wconf 88' lang='lat' dir='ltr'>veniet</span> <span class='ocrx_word' id='word_1_258' title='bbox 681 3391 754 3450; x_wconf 92' lang='lat' dir='ltr'>mihi</span> <span class='ocrx_word' id='word_1_259' title='bbox 769 3392 847 3450; x_wconf 84' lang='lat' dir='ltr'>fama</span> <span class='ocrx_word' id='word_1_260' title='bbox 861 3389 936 3448; x_wconf 91' lang='lat' dir='ltr'>sub</span> <span class='ocrx_word' id='word_1_261' title='bbox 928 3387 1020 3447; x_wconf 61' lang='lat' dir='ltr'>unos?</span> 
     </span>
    </p>
   </div>
   <div class='ocr_carea' id='block_1_3' title="bbox 0 0 1289 4112">
    <p class='ocr_par' dir='ltr' id='par_1_6' title="bbox 0 0 1289 4112">
     <span class='ocr_line' id='line_1_39' title="bbox 0 0 1289 4112; baseline 0 0"><span class='ocrx_word' id='word_1_262' title='bbox 0 0 1289 4112; x_wconf 95' lang='lat' dir='ltr'> </span> 
     </span>
    </p>
   </div>
  </div>
 </body>
</html>
