2558 4112
236 375 281 410 120
508 360 536 408 P.
554 357 696 408 VERGILI
714 356 871 406 MARONIS

276 487 440 567 corripuere
454 508 561 547 sacram
575 487 706 562 effigiem,
722 485 912 565 manibusque
926 487 1055 546 cruentis

276 569 415 645 virgineas
429 568 488 627 ausi
503 568 584 627 divae
599 568 768 642 contingere
783 565 867 624 vittas
880 591 889 637 ;

276 671 313 708 ex
327 651 379 709 illo
393 649 482 707 fluere
496 669 528 708 ac
544 663 620 708 retro
634 648 763 726 sublapsa
777 647 877 706 referri

276 751 338 809 spes
352 730 508 801 Danaum
531 730 635 789 fractae
650 729 733 800 vires,
748 747 842 786 aversa
856 728 925 786 deae
941 747 1031 789 mens.
1107 761 1146 800 170

276 832 331 871 nec
346 811 439 870 dubiis
454 831 486 869 ea
500 811 580 887 signa
592 810 673 870 dedit
687 809 823 868 Tritonia
838 810 981 868 monstris.

275 893 324 951 vir
339 891 463 969 positum
478 891 573 950 castris
588 891 794 951 simulacrum:
817 911 908 949 arsere
924 911 1058 951 coruscae

275 973 434 1032 luminibus
449 971 579 1032 flammae
594 971 719 1042 arrectis,
733 972 877 1050 salsusque
891 993 944 1051 per
957 988 1033 1032 artus

276 1055 360 1113 sudor
374 1055 418 1126 iit,
432 1070 532 1133 terque
546 1053 606 1131 ipsa
620 1053 853 1113 solo-mirabile
866 1054 991 1113 dictu-

275 1134 406 1206 emicuit,
420 1155 604 1214 parmamque
620 1134 713 1194 ferens
727 1137 894 1215 hastamque
909 1151 1091 1194 trementem.

276 1216 424 1292 extemplo
438 1215 604 1294 temptanda
619 1216 685 1293 fuga
699 1217 778 1277 canit
793 1237 915 1298 aequora
930 1216 1074 1286 Calchas3

276 1316 331 1355 nec
346 1314 426 1373 posse
438 1296 581 1373 Argolicis
596 1297 725 1356 exscindi
742 1298 878 1374 Pergama
892 1299 967 1368 telis,

275 1377 373 1436 omina
386 1377 417 1434 ni
432 1393 562 1455 repetant
576 1377 670 1452 Argis,
685 1398 852 1458 numenque
867 1379 1016 1449 reducant,

258 1460 261 1468 '
276 1458 353 1538 quod
367 1457 466 1534 pelago
481 1473 509 1516 et
523 1457 620 1516 curvis
634 1479 732 1517 secum
747 1479 867 1518 avexere
882 1459 994 1518 carinis.

276 1554 306 1598 et
319 1558 410 1609 nunc,
424 1539 502 1618 quod
515 1538 618 1616 patrias
632 1555 719 1598 vento
733 1539 842 1618 petiere
858 1541 1009 1616 Mycenas,
1106 1555 1145 1596 rso

276 1640 352 1678 arma
365 1619 490 1697 deosque
505 1635 605 1696 parant
619 1619 750 1692 comites,
765 1621 921 1700 pelagoque
936 1640 1069 1678 remenso

275 1699 413 1778 inprovisi
427 1700 558 1761 aderunt.
599 1700 640 1760 ita
652 1700 755 1777 digerit
769 1702 866 1760 omina
880 1700 1012 1760 Calchas.

274 1783 349 1840 hanc
364 1801 416 1858 pro
431 1781 557 1840 Palladio
571 1781 684 1854 moniti,
700 1803 752 1859 pro
766 1782 887 1841 numine
902 1782 977 1840 laeso

275 1862 398 1937 effigiem
412 1878 545 1933 statuere,
560 1863 638 1921 nefas
673 1883 725 1922 uae
740 1863 818 1922 triste
833 1863 943 1941 piaret:

275 1944 349 2001 hanc
366 1958 461 2002 tamen
477 1943 637 2002 inmensam
652 1884 775 2002 {alchas
788 1943 920 2003 attollere
933 1943 1040 2002 molem

274 2022 423 2082 roboribus
438 2023 533 2096 textis,
548 2025 685 2104 caeloque
700 2025 822 2084 educere
837 2024 926 2096 iussit,

275 2124 313 2162 ne
327 2103 418 2183 recipi
433 2103 531 2181 portis,
544 2121 593 2164 aut
607 2104 676 2163 duci
690 2105 721 2163 in
736 2105 851 2164 moenia
864 2104 960 2183 possit,

274 2205 332 2242 neu
347 2183 488 2262 populum
503 2185 620 2265 antiqua
633 2185 687 2244 sub
702 2186 840 2262 religione
855 2185 939 2245 tueri.

274 2285 342 2324 nam
357 2265 379 2324 si
394 2282 486 2325 vestra
500 2285 600 2325 manus
615 2267 746 2325 violasset
760 2266 836 2325 dona
851 2266 1012 2337 Minervae,

275 2362 338 2406 tum
365 2366 502 2422 magnum
535 2347 786 2427 exitium-quod
818 2346 847 2405 di
880 2347 958 2425 prius
991 2363 1077 2404 omen
1111 2345 1143 2404 in

355 2448 449 2506 Ipsum
1106 2455 1145 2494 190

274 2525 443 2568 convertant
456 2508 613 2568 l-Priami
628 2509 749 2587 imperio
761 2508 975 2588 Phrygibusque
991 2507 1121 2566 futurum
1135 2529 1143 2566 :

275 2589 317 2646 sin
333 2589 464 2648 manibus
479 2590 577 2648 vestris
593 2606 715 2650 vestram
730 2589 901 2650 ascendisset
916 2589 946 2646 in
963 2587 1073 2658 urbem,

275 2670 351 2728 ultro
365 2671 464 2728 Asiam
479 2691 583 2746 magno
599 2671 724 2749 Pelopea
738 2670 774 2730 ad
787 2671 902 2730 moenia
916 2669 994 2728 bello

275 2765 435 2820 venturam,
451 2765 481 2810 et
495 2766 604 2811 nostros
619 2773 652 2810 ea
667 2753 724 2812 fata
738 2773 854 2810 manere
870 2748 1007 2828 nepotes’

274 2830 378 2890 talibus
392 2831 501 2891 insidiis
515 2832 680 2912 periurique
695 2848 754 2892 arte
771 2832 885 2892 Sinonis

274 2911 384 2970 credita
397 2931 450 2984 res,
467 2913 601 2994 captique
615 2914 689 2972 dolis
703 2914 885 2993 lacrimisque
900 2911 1015 2982 coactis,

274 3013 344 3070 quos
359 3013 453 3086 neque
469 2994 610 3076 Tydides,
625 3014 680 3054 nec
696 2995 856 3053 Larissaeus
870 2993 1010 3062 Achilles,

274 3091 333 3130 non
348 3093 415 3131 annt
430 3075 567 3134 domuere
581 3074 692 3145 decem,
709 3095 768 3133 non
784 3074 865 3134 mille
880 3073 1001 3133 carinae.

314 3152 362 3211 hic
378 3154 458 3213 aliud
472 3156 561 3214 maius
576 3156 684 3214 miseris
699 3155 850 3234 multoque
865 3154 1048 3215 tremendum

274 3232 399 3293 obicitur
414 3236 512 3310 magis,
527 3253 611 3316 atque
626 3235 778 3314 inprovida
791 3250 908 3313 pectora
922 3236 1026 3295 turbat.
1106 3262 1152 3293 που

274 3312 420 3385 Laocoon,
435 3315 539 3375 ductus
554 3316 697 3395 Neptuno
711 3331 784 3376 sorte
799 3318 938 3388 sacerdos,

616 3409 661 3470 187
679 3417 762 3470 posset.
