2562 4114
436 347 603 395 nnunrnos
621 346 684 396 nra.
701 346 725 392 x
990 364 1036 412 30³

168 478 277 558 quique
291 477 392 536 urbem
406 475 516 555 liquere
532 474 620 535 Cosas
632 499 642 544 3
664 476 727 555 quis
743 477 802 536 tela
814 477 930 554 sagittae

168 558 319 637 gorytique
333 557 412 616 leves
426 557 533 617 umeris
548 573 577 616 et
587 556 684 616 letifer
697 577 789 617 meus.

169 660 228 699 una
243 655 341 698 torvus
354 638 453 710 Abas3
474 638 544 697 huic
560 653 655 698 toturn
669 637 830 715 insignibus
845 641 929 700 armis
1003 673 1039 710 170

169 740 272 798 agmen
287 735 317 780 et
330 735 430 778 aurato
444 718 573 795 fulgebat
586 719 725 796 Apolline
740 720 853 798 puppis.

169 816 319 861 sexcentos
333 800 376 858 illi
391 799 510 859 dederat
525 800 687 878 Populonia
700 817 791 859 mater

169 897 302 960 expertos
317 880 386 940 belli
401 881 519 939 iuvenes
532 906 541 953 3
563 896 605 940 ast
618 881 682 940 llva
696 896 839 941 trecentos

170 963 264 1022 insula
278 961 456 1021 inexhaustis
471 961 639 1040 Chalybum
653 983 789 1039 generosa
803 963 937 1024 metallis.

170 1044 279 1115 tertius,
295 1043 345 1102 ille
360 1042 515 1103 hominum
529 1043 685 1123 divomque
700 1043 839 1121 interpres
853 1044 957 1118 Asilas,

169 1125 217 1184 cui
233 1124 380 1203 pecudum
394 1123 493 1196 fibrae,
507 1124 580 1183 caeli
595 1124 643 1183 cui
658 1125 748 1183 sidera
762 1141 864 1202 parent

169 1221 199 1265 et
213 1205 330 1282 linguae
344 1204 497 1264 volucrum
511 1221 541 1264 et
554 1205 679 1283 praesagi
695 1206 826 1264 fulminis
839 1206 932 1283 ignes,

170 1287 252 1346 mille
266 1285 340 1364 rapit
353 1285 457 1344 densos
472 1286 534 1344 acie
549 1301 634 1366 atque
648 1287 830 1345 horrentibus
843 1287 941 1347 hastis.

170 1368 222 1426 hos
236 1387 334 1444 parere
349 1366 451 1425 iubent
465 1367 596 1444 Alpheae
611 1366 647 1424 ab
661 1367 771 1443 origine
787 1367 876 1440 Pisae,

170 1447 237 1506 urbs
251 1448 372 1506 Etrusca
387 1448 457 1508 solo.
500 1448 627 1526 sequitur
641 1448 851 1525 pulcherrimus
865 1450 962 1520 Astur,
1004 1467 1041 1506 180

169 1529 257 1588 Astur
272 1549 347 1606 equo
362 1527 452 1588 fidens
467 1544 496 1587 et
510 1528 728 1587 versicoloribus
742 1528 836 1589 armis.

170 1625 215 1669 ter
229 1624 348 1669 centum
362 1609 627 1682 adiciunt,-mens
638 1610 771 1668 omnibus
782 1631 840 1669 una
850 1610 1031 1688 sequendi—

170 1690 220 1769 qui
236 1689 357 1750 Caerete
371 1691 468 1763 domo,
483 1690 532 1769 qui
548 1706 615 1750 aunt
631 1691 773 1749 Minionis
787 1691 818 1748 in
832 1691 913 1762 arvis,

171 1787 200 1831 et
215 1771 299 1848 Pyrgi
314 1786 423 1830 veteres
439 1772 685 1848 intempestaeque
700 1771 864 1830 Graviscae.

212 1872 271 1911 non
286 1872 339 1927 ego
353 1867 393 1922 te,
407 1851 548 1928 Ligurum
563 1851 666 1909 ductor
680 1851 830 1909 fortissime
846 1850 931 1924 bello,

171 1933 341 2003 transierim,
356 1932 474 2008 Cinyre‚
490 1948 520 1990 et
533 1931 633 2009 paucis
647 1931 781 1990 comitate
796 1931 926 2009 Cupavo,

172 2013 252 2073 cuius
266 2013 393 2072 olorinae
409 2028 528 2088 snrgunt
543 2012 579 2071 de
594 2011 702 2071 vertice
715 2010 831 2089 pinnae,

171 2095 281 2154 crimen
297 2115 375 2153 amor
388 2109 525 2164 vestrum,
540 2094 704 2171 formaeque
718 2093 830 2168 insigne
844 2108 987 2171 paternae.

171 2195 296 2254 namque
310 2177 408 2234 ferunt
423 2175 504 2233 luctu
521 2174 659 2251 Cycnum
675 2173 861 2232 Phaethontis
875 2173 969 2243 amati,

171 2256 307 2334 populeas
321 2255 397 2314 inter
411 2255 525 2314 frondes
540 2255 728 2333 umbramque
743 2272 871 2313 sororum
1005 2283 1042 2323 190

172 2336 242 2396 dum
256 2336 344 2407 canit,
359 2353 388 2395 et
403 2352 544 2396 maestum
562 2337 650 2395 Musa
664 2335 769 2393 solatur
783 2354 919 2406 amorem,

171 2434 326 2477 canentem
340 2418 421 2476 molli
436 2418 535 2495 pluma
549 2417 661 2476 duxisse
676 2432 829 2487 senectam,

171 2499 353 2577 linquentem
368 2515 453 2558 terras
468 2515 496 2558 et
510 2498 600 2558 si'dera
614 2517 685 2556 voce
699 2515 877 2576 sequentem.

172 2573 256 2650 filius,
271 2581 401 2657 aequales
416 2580 567 2638 comitatus
582 2579 670 2637 classe
685 2594 817 2651 catervas,

171 2660 320 2735 ingentem
335 2660 419 2720 remis
434 2661 613 2720 Centaurum
628 2674 798 2737 promovet;
820 2659 870 2718 ille

172 2740 258 2801 instat
272 2761 359 2819 aquae
374 2761 531 2821 saxumque
546 2741 629 2799 undis
644 2740 761 2800 inmane
776 2741 900 2799 minatur

172 2823 285 2896 arduus,
300 2839 330 2882 et
345 2823 429 2899 longa
444 2824 535 2881 sulcat
549 2823 638 2881 maria
653 2823 710 2880 alta
724 2821 828 2880 carina.

214 2903 264 2962 ille
280 2903 366 2962 etiam
381 2903 478 2982 patriis
493 2921 596 2978 agmen
612 2904 670 2963 ciet
685 2905 787 2962 Ocnus
801 2903 836 2960 ab
850 2903 916 2973 oris,

174 2984 306 3044 fatidicae
322 2986 442 3043 Mantus
456 3000 486 3043 et
501 2984 593 3043 Tusci
609 2985 684 3043 filius
698 2984 799 3054 amnis,

173 3065 223 3144 qui
237 3086 333 3124 muros
347 3065 502 3144 matrisque
517 3065 596 3125 dedit
611 3065 672 3136 tibi,
690 3067 823 3136 Mantua,
839 3083 957 3135 nomen,
1007 3092 1045 3120 ιω

174 3145 307 3218 Mantua,
321 3145 401 3205 dives
416 3147 473 3206 avis
486 3170 496 3216 ς
517 3147 565 3205 sed
580 3166 639 3205 non
654 3165 744 3221 genus
758 3145 893 3204 omnibns
906 3163 998 3204 unum
1012 3165 1019 3202 z

172 3245 242 3302 gens
256 3226 299 3285 illi
311 3227 427 3305 triplex,
442 3228 543 3305 populi
558 3227 610 3285 sub
624 3240 710 3302 gente
724 3226 856 3304 quaterni
868 3248 878 3294 ;

173 3306 233 3384 ipsa
247 3323 335 3386 caput
348 3309 462 3386 populis
475 3332 485 3380 3
506 3309 607 3366 Tusco
621 3307 657 3366 de
672 3307 810 3382 sanguine
824 3308 905 3366 vires.

512 3415 557 3464 ¹79
574 3401 673 3464 Alphea.
