<?xml version="1.0" encoding="UTF-8"?>
<!DOCTYPE html PUBLIC "-//W3C//DTD XHTML 1.0 Transitional//EN"
    "http://www.w3.org/TR/xhtml1/DTD/xhtml1-transitional.dtd">
<html xmlns="http://www.w3.org/1999/xhtml" xml:lang="en" lang="en">
 <head>
  <title>
</title>
<meta http-equiv="Content-Type" content="text/html;charset=utf-8" />
  <meta name='ocr-system' content='tesseract 3.04.00' />
  <meta name='ocr-capabilities' content='ocr_page ocr_carea ocr_par ocr_line ocrx_word'/>
</head>
<body>
  <div class='ocr_page' id='page_1' title='image "./bucolicageorgic05virggoog/bucolicageorgic05virggoog_0393.png"; bbox 0 0 2562 4114; ppageno 0'>
   <div class='ocr_carea' id='block_1_1' title="bbox 251 295 877 367">
    <p class='ocr_par' dir='ltr' id='par_1_1' title="bbox 251 295 877 367">
     <span class='ocr_line' id='line_1_1' title="bbox 251 295 877 367; baseline -0.01 -17"><span class='ocrx_word' id='word_1_1' title='bbox 251 301 295 367; x_wconf 80' lang='lat'>3⁶8</span> <span class='ocrx_word' id='word_1_2' title='bbox 512 296 700 347; x_wconf 81' lang='lat' dir='ltr'>P.VERG1L1</span> <span class='ocrx_word' id='word_1_3' title='bbox 721 295 877 344; x_wconf 83' lang='lat' dir='ltr'>MARONIS</span> 
     </span>
    </p>
   </div>
   <div class='ocr_carea' id='block_1_2' title="bbox 267 424 1272 3407">
    <p class='ocr_par' dir='ltr' id='par_1_2' title="bbox 290 424 986 518">
     <span class='ocr_line' id='line_1_2' title="bbox 290 424 986 518; baseline -0.011 -28"><span class='ocrx_word' id='word_1_4' title='bbox 290 431 403 490; x_wconf 87' lang='lat' dir='ltr'>foedera</span> <span class='ocrx_word' id='word_1_5' title='bbox 418 429 537 488; x_wconf 79' lang='lat' dir='ltr'>turbasti</span> <span class='ocrx_word' id='word_1_6' title='bbox 552 443 639 506; x_wconf 89' lang='lat' dir='ltr'>teque</span> <span class='ocrx_word' id='word_1_7' title='bbox 652 425 745 486; x_wconf 88' lang='lat' dir='ltr'>haec&#39;</span> <span class='ocrx_word' id='word_1_8' title='bbox 737 446 769 484; x_wconf 90' lang='lat' dir='ltr'>1n</span> <span class='ocrx_word' id='word_1_9' title='bbox 783 426 858 484; x_wconf 89' lang='lat' dir='ltr'>bella</span> <span class='ocrx_word' id='word_1_10' title='bbox 872 424 986 518; x_wconf 82' lang='lat' dir='ltr'>dedisti,</span> 
     </span>
    </p>

    <p class='ocr_par' dir='ltr' id='par_1_3' title="bbox 288 505 1089 732">
     <span class='ocr_line' id='line_1_3' title="bbox 290 505 1089 588; baseline -0.006 -18"><span class='ocrx_word' id='word_1_11' title='bbox 290 528 318 571; x_wconf 90' lang='lat' dir='ltr'>et</span> <span class='ocrx_word' id='word_1_12' title='bbox 333 530 412 569; x_wconf 90' lang='lat' dir='ltr'>nunc</span> <span class='ocrx_word' id='word_1_13' title='bbox 427 510 604 588; x_wconf 78' lang='lat' dir='ltr'>nequiquam</span> <span class='ocrx_word' id='word_1_14' title='bbox 618 509 693 566; x_wconf 89' lang='lat' dir='ltr'>fallis</span> <span class='ocrx_word' id='word_1_15' title='bbox 707 508 769 566; x_wconf 83' lang='lat' dir='ltr'>dea.</span> <span class='ocrx_word' id='word_1_16' title='bbox 810 507 861 566; x_wconf 86' lang='lat' dir='ltr'>sed</span> <span class='ocrx_word' id='word_1_17' title='bbox 875 505 938 584; x_wconf 89' lang='lat' dir='ltr'>quis</span> <span class='ocrx_word' id='word_1_18' title='bbox 953 506 1089 583; x_wconf 81' lang='lat' dir='ltr'>Olympo</span> 
     </span>
     <span class='ocr_line' id='line_1_4' title="bbox 288 587 923 651; baseline -0.011 0"><span class='ocrx_word' id='word_1_19' title='bbox 288 592 439 651; x_wconf 87' lang='lat' dir='ltr'>demissam</span> <span class='ocrx_word' id='word_1_20' title='bbox 453 605 545 649; x_wconf 86' lang='lat' dir='ltr'>tantos</span> <span class='ocrx_word' id='word_1_21' title='bbox 558 589 652 647; x_wconf 89' lang='lat' dir='ltr'>voluit</span> <span class='ocrx_word' id='word_1_22' title='bbox 665 603 693 647; x_wconf 89' lang='lat' dir='ltr'>te</span> <span class='ocrx_word' id='word_1_23' title='bbox 708 589 781 647; x_wconf 89' lang='lat' dir='ltr'>ferre</span> <span class='ocrx_word' id='word_1_24' title='bbox 794 587 923 646; x_wconf 82' lang='lat' dir='ltr'>labores?</span> 
     </span>
     <span class='ocr_line' id='line_1_5' title="bbox 288 667 969 732; baseline -0.01 0"><span class='ocrx_word' id='word_1_25' title='bbox 288 694 325 732; x_wconf 84' lang='lat' dir='ltr'>an</span> <span class='ocrx_word' id='word_1_26' title='bbox 340 673 433 732; x_wconf 87' lang='lat' dir='ltr'>fratris</span> <span class='ocrx_word' id='word_1_27' title='bbox 447 672 543 730; x_wconf 75' lang='lat' dir='ltr'>miseri</span> <span class='ocrx_word' id='word_1_28' title='bbox 535 671 650 729; x_wconf 90' lang='lat' dir='ltr'>letum</span> <span class='ocrx_word' id='word_1_29' title='bbox 665 686 697 728; x_wconf 93' lang='lat' dir='ltr'>ut</span> <span class='ocrx_word' id='word_1_30' title='bbox 712 669 828 728; x_wconf 87' lang='lat' dir='ltr'>crudele</span> <span class='ocrx_word' id='word_1_31' title='bbox 841 667 969 726; x_wconf 82' lang='lat' dir='ltr'>videres?</span> 
     </span>
    </p>

    <p class='ocr_par' dir='ltr' id='par_1_4' title="bbox 287 748 1162 1395">
     <span class='ocr_line' id='line_1_6' title="bbox 289 748 1153 831; baseline -0.006 -19"><span class='ocrx_word' id='word_1_32' title='bbox 289 774 356 812; x_wconf 88' lang='lat' dir='ltr'>nam</span> <span class='ocrx_word' id='word_1_33' title='bbox 368 753 439 831; x_wconf 91' lang='lat' dir='ltr'>quid</span> <span class='ocrx_word' id='word_1_34' title='bbox 449 756 519 828; x_wconf 83' lang='lat' dir='ltr'>agol</span> <span class='ocrx_word' id='word_1_35' title='bbox 539 766 589 810; x_wconf 90' lang='lat' dir='ltr'>aut</span> <span class='ocrx_word' id='word_1_36' title='bbox 598 771 671 829; x_wconf 89' lang='lat' dir='ltr'>quae</span> <span class='ocrx_word' id='word_1_37' title='bbox 680 750 737 809; x_wconf 89' lang='lat' dir='ltr'>iam</span> <span class='ocrx_word' id='word_1_38' title='bbox 749 749 869 827; x_wconf 80' lang='lat' dir='ltr'>spondet</span> <span class='ocrx_word' id='word_1_39' title='bbox 877 749 993 807; x_wconf 90' lang='lat' dir='ltr'>fortuna</span> <span class='ocrx_word' id='word_1_40' title='bbox 1002 748 1153 807; x_wconf 83' lang='lat' dir='ltr'>salutem?</span> 
     </span>
     <span class='ocr_line' id='line_1_7' title="bbox 288 832 1020 909; baseline -0.008 -16"><span class='ocrx_word' id='word_1_41' title='bbox 288 834 347 893; x_wconf 88' lang='lat' dir='ltr'>vidi</span> <span class='ocrx_word' id='word_1_42' title='bbox 362 834 460 892; x_wconf 86' lang='lat' dir='ltr'>oculos</span> <span class='ocrx_word' id='word_1_43' title='bbox 473 847 541 890; x_wconf 90' lang='lat' dir='ltr'>ante</span> <span class='ocrx_word' id='word_1_44' title='bbox 555 832 616 909; x_wconf 89' lang='lat' dir='ltr'>ipse</span> <span class='ocrx_word' id='word_1_45' title='bbox 630 851 708 889; x_wconf 88' lang='lat' dir='ltr'>meos</span> <span class='ocrx_word' id='word_1_46' title='bbox 721 850 769 889; x_wconf 89' lang='lat' dir='ltr'>me</span> <span class='ocrx_word' id='word_1_47' title='bbox 783 850 853 889; x_wconf 89' lang='lat' dir='ltr'>voce</span> <span class='ocrx_word' id='word_1_48' title='bbox 867 845 1020 888; x_wconf 86' lang='lat' dir='ltr'>vocantem</span> 
     </span>
     <span class='ocr_line' id='line_1_8' title="bbox 291 909 1036 1006; baseline -0.01 -33"><span class='ocrx_word' id='word_1_49' title='bbox 291 916 475 1006; x_wconf 80' lang='lat' dir='ltr'>Murranum,</span> <span class='ocrx_word' id='word_1_50' title='bbox 490 933 548 991; x_wconf 92' lang='lat' dir='ltr'>quo</span> <span class='ocrx_word' id='word_1_51' title='bbox 562 932 622 970; x_wconf 91' lang='lat' dir='ltr'>non</span> <span class='ocrx_word' id='word_1_52' title='bbox 637 927 750 989; x_wconf 85' lang='lat' dir='ltr'>superat</span> <span class='ocrx_word' id='word_1_53' title='bbox 763 910 835 968; x_wconf 90' lang='lat' dir='ltr'>mibi</span> <span class='ocrx_word' id='word_1_54' title='bbox 851 909 941 968; x_wconf 87' lang='lat' dir='ltr'>carior</span> <span class='ocrx_word' id='word_1_55' title='bbox 954 910 1036 982; x_wconf 87' lang='lat' dir='ltr'>alter,</span> 
     </span>
     <span class='ocr_line' id='line_1_9' title="bbox 289 989 1162 1073; baseline -0.008 -19.861"><span class='ocrx_word' id='word_1_56' title='bbox 289 1010 423 1073; x_wconf 87' lang='lat' dir='ltr'>oppetere</span> <span class='ocrx_word' id='word_1_57' title='bbox 437 994 586 1069; x_wconf 88' lang='lat' dir='ltr'>ingentem</span> <span class='ocrx_word' id='word_1_58' title='bbox 600 1008 686 1070; x_wconf 87' lang='lat' dir='ltr'>atque</span> <span class='ocrx_word' id='word_1_59' title='bbox 701 991 811 1066; x_wconf 86' lang='lat' dir='ltr'>ingenti</span> <span class='ocrx_word' id='word_1_60' title='bbox 826 991 944 1048; x_wconf 89' lang='lat' dir='ltr'>vulnere</span> <span class='ocrx_word' id='word_1_61' title='bbox 957 989 1084 1050; x_wconf 86' lang='lat' dir='ltr'>victum.</span> <span class='ocrx_word' id='word_1_62' title='bbox 1122 1010 1162 1059; x_wconf 65' lang='grc' dir='ltr'>σῳ</span> 
     </span>
     <span class='ocr_line' id='line_1_10' title="bbox 288 1071 959 1135; baseline -0.007 0"><span class='ocrx_word' id='word_1_63' title='bbox 288 1074 396 1135; x_wconf 93' lang='lat' dir='ltr'>occidit</span> <span class='ocrx_word' id='word_1_64' title='bbox 409 1075 515 1134; x_wconf 86' lang='lat' dir='ltr'>infelix</span> <span class='ocrx_word' id='word_1_65' title='bbox 530 1094 567 1132; x_wconf 90' lang='lat' dir='ltr'>ne</span> <span class='ocrx_word' id='word_1_66' title='bbox 582 1089 711 1132; x_wconf 89' lang='lat' dir='ltr'>nostrum</span> <span class='ocrx_word' id='word_1_67' title='bbox 726 1072 849 1130; x_wconf 86' lang='lat' dir='ltr'>dedecus</span> <span class='ocrx_word' id='word_1_68' title='bbox 864 1071 959 1130; x_wconf 87' lang='lat' dir='ltr'>Ufens</span> 
     </span>
     <span class='ocr_line' id='line_1_11' title="bbox 287 1151 1027 1234; baseline -0.004 -20"><span class='ocrx_word' id='word_1_69' title='bbox 287 1157 444 1234; x_wconf 81' lang='lat' dir='ltr'>aspiceret3</span> <span class='ocrx_word' id='word_1_70' title='bbox 466 1154 575 1214; x_wconf 88' lang='lat' dir='ltr'>Teucri</span> <span class='ocrx_word' id='word_1_71' title='bbox 590 1154 743 1233; x_wconf 90' lang='lat' dir='ltr'>potiuntur</span> <span class='ocrx_word' id='word_1_72' title='bbox 757 1172 875 1230; x_wconf 88' lang='lat' dir='ltr'>corpore</span> <span class='ocrx_word' id='word_1_73' title='bbox 890 1167 919 1210; x_wconf 93' lang='lat' dir='ltr'>et</span> <span class='ocrx_word' id='word_1_74' title='bbox 932 1151 1027 1211; x_wconf 76' lang='lat' dir='ltr'>mmis.</span> 
     </span>
     <span class='ocr_line' id='line_1_12' title="bbox 288 1233 991 1296; baseline -0.009 -1"><span class='ocrx_word' id='word_1_75' title='bbox 288 1237 455 1296; x_wconf 88' lang='lat' dir='ltr'>exscindine</span> <span class='ocrx_word' id='word_1_76' title='bbox 469 1235 639 1294; x_wconf 85' lang='lat' dir='ltr'>domos—id</span> <span class='ocrx_word' id='word_1_77' title='bbox 653 1235 737 1293; x_wconf 91' lang='lat' dir='ltr'>rebus</span> <span class='ocrx_word' id='word_1_78' title='bbox 750 1233 844 1292; x_wconf 84' lang='lat' dir='ltr'>defuit</span> <span class='ocrx_word' id='word_1_79' title='bbox 859 1252 991 1291; x_wconf 90' lang='lat' dir='ltr'>unum-</span> 
     </span>
     <span class='ocr_line' id='line_1_13' title="bbox 287 1313 1028 1395; baseline -0.008 -19"><span class='ocrx_word' id='word_1_80' title='bbox 287 1317 448 1395; x_wconf 83' lang='lat' dir='ltr'>perpetiar?</span> <span class='ocrx_word' id='word_1_81' title='bbox 469 1317 567 1375; x_wconf 82' lang='lat' dir='ltr'>dextra</span> <span class='ocrx_word' id='word_1_82' title='bbox 581 1337 636 1374; x_wconf 88' lang='lat' dir='ltr'>nec</span> <span class='ocrx_word' id='word_1_83' title='bbox 651 1313 775 1374; x_wconf 81' lang='lat' dir='ltr'>Drancis</span> <span class='ocrx_word' id='word_1_84' title='bbox 789 1313 866 1373; x_wconf 83' lang='lat' dir='ltr'>dicta</span> <span class='ocrx_word' id='word_1_85' title='bbox 879 1313 1028 1371; x_wconf 79' lang='lat' dir='ltr'>refellam?</span> 
     </span>
    </p>

    <p class='ocr_par' dir='ltr' id='par_1_5' title="bbox 288 1393 1158 1555">
     <span class='ocr_line' id='line_1_14' title="bbox 288 1393 1158 1474; baseline -0.004 -19"><span class='ocrx_word' id='word_1_86' title='bbox 288 1413 364 1474; x_wconf 87' lang='lat' dir='ltr'>terga</span> <span class='ocrx_word' id='word_1_87' title='bbox 381 1397 463 1466; x_wconf 88' lang='lat' dir='ltr'>dabo,</span> <span class='ocrx_word' id='word_1_88' title='bbox 479 1413 508 1455; x_wconf 90' lang='lat' dir='ltr'>et</span> <span class='ocrx_word' id='word_1_89' title='bbox 522 1397 659 1455; x_wconf 89' lang='lat' dir='ltr'>Turnum</span> <span class='ocrx_word' id='word_1_90' title='bbox 674 1395 833 1470; x_wconf 85' lang='lat' dir='ltr'>fugientem</span> <span class='ocrx_word' id='word_1_91' title='bbox 847 1397 918 1458; x_wconf 83' lang='lat' dir='ltr'>baec</span> <span class='ocrx_word' id='word_1_92' title='bbox 933 1409 1006 1453; x_wconf 84' lang='lat' dir='ltr'>terra</span> <span class='ocrx_word' id='word_1_93' title='bbox 1020 1393 1158 1452; x_wconf 83' lang='lat' dir='ltr'>videbit?</span> 
     </span>
     <span class='ocr_line' id='line_1_15' title="bbox 288 1474 1150 1555; baseline -0.002 -19"><span class='ocrx_word' id='word_1_94' title='bbox 288 1497 378 1555; x_wconf 89' lang='lat' dir='ltr'>usque</span> <span class='ocrx_word' id='word_1_95' title='bbox 392 1476 502 1535; x_wconf 87' lang='lat' dir='ltr'>adeone</span> <span class='ocrx_word' id='word_1_96' title='bbox 516 1477 587 1534; x_wconf 91' lang='lat' dir='ltr'>mori</span> <span class='ocrx_word' id='word_1_97' title='bbox 604 1477 740 1535; x_wconf 89' lang='lat' dir='ltr'>miserum</span> <span class='ocrx_word' id='word_1_98' title='bbox 756 1480 816 1534; x_wconf 82' lang='lat' dir='ltr'>est?</span> <span class='ocrx_word' id='word_1_99' title='bbox 856 1496 905 1533; x_wconf 90' lang='lat' dir='ltr'>vos</span> <span class='ocrx_word' id='word_1_100' title='bbox 920 1495 937 1533; x_wconf 95' lang='lat' dir='ltr'>o</span> <span class='ocrx_word' id='word_1_101' title='bbox 951 1474 1023 1532; x_wconf 91' lang='lat' dir='ltr'>mihi</span> <span class='ocrx_word' id='word_1_102' title='bbox 1041 1475 1150 1534; x_wconf 87' lang='lat' dir='ltr'>Manes</span> 
     </span>
    </p>

    <p class='ocr_par' dir='ltr' id='par_1_6' title="bbox 288 1556 976 1634">
     <span class='ocr_line' id='line_1_16' title="bbox 288 1556 976 1634; baseline -0.003 -18"><span class='ocrx_word' id='word_1_103' title='bbox 288 1573 345 1616; x_wconf 88' lang='lat' dir='ltr'>este</span> <span class='ocrx_word' id='word_1_104' title='bbox 361 1556 438 1627; x_wconf 90' lang='lat' dir='ltr'>boni,</span> <span class='ocrx_word' id='word_1_105' title='bbox 454 1557 591 1634; x_wconf 88' lang='lat' dir='ltr'>quoniam</span> <span class='ocrx_word' id='word_1_106' title='bbox 606 1557 715 1633; x_wconf 87' lang='lat' dir='ltr'>superis</span> <span class='ocrx_word' id='word_1_107' title='bbox 729 1577 823 1616; x_wconf 87' lang='lat' dir='ltr'>aversa</span> <span class='ocrx_word' id='word_1_108' title='bbox 837 1556 976 1614; x_wconf 86' lang='lat' dir='ltr'>voluntas.</span> 
     </span>
    </p>

    <p class='ocr_par' dir='ltr' id='par_1_7' title="bbox 287 1636 1023 1714">
     <span class='ocr_line' id='line_1_17' title="bbox 287 1636 1023 1714; baseline -0.003 -18"><span class='ocrx_word' id='word_1_109' title='bbox 287 1653 383 1696; x_wconf 88' lang='lat' dir='ltr'>sancta</span> <span class='ocrx_word' id='word_1_110' title='bbox 397 1637 434 1695; x_wconf 90' lang='lat' dir='ltr'>ad</span> <span class='ocrx_word' id='word_1_111' title='bbox 445 1657 494 1694; x_wconf 87' lang='lat' dir='ltr'>vos</span> <span class='ocrx_word' id='word_1_112' title='bbox 509 1637 604 1694; x_wconf 89' lang='lat' dir='ltr'>anima</span> <span class='ocrx_word' id='word_1_113' title='bbox 619 1651 705 1714; x_wconf 90' lang='lat' dir='ltr'>atque</span> <span class='ocrx_word' id='word_1_114' title='bbox 720 1636 802 1695; x_wconf 87' lang='lat' dir='ltr'>istius</span> <span class='ocrx_word' id='word_1_115' title='bbox 816 1636 906 1694; x_wconf 89' lang='lat' dir='ltr'>inscia</span> <span class='ocrx_word' id='word_1_116' title='bbox 920 1637 1023 1714; x_wconf 88' lang='lat' dir='ltr'>culpae</span> 
     </span>
    </p>

    <p class='ocr_par' dir='ltr' id='par_1_8' title="bbox 287 1716 1134 1793">
     <span class='ocr_line' id='line_1_18' title="bbox 287 1716 1134 1793; baseline -0.002 -15"><span class='ocrx_word' id='word_1_117' title='bbox 287 1718 468 1789; x_wconf 65' lang='lat' dir='ltr'>descandam,</span> <span class='ocrx_word' id='word_1_118' title='bbox 503 1737 672 1792; x_wconf 90' lang='lat' dir='ltr'>magnorum</span> <span class='ocrx_word' id='word_1_119' title='bbox 706 1717 785 1775; x_wconf 91' lang='lat' dir='ltr'>haud</span> <span class='ocrx_word' id='word_1_120' title='bbox 821 1735 957 1793; x_wconf 88' lang='lat' dir='ltr'>umquam</span> <span class='ocrx_word' id='word_1_121' title='bbox 992 1716 1134 1793; x_wconf 90' lang='lat' dir='ltr'>indignus</span> 
     </span>
    </p>

    <p class='ocr_par' dir='ltr' id='par_1_9' title="bbox 368 1798 1272 1868">
     <span class='ocr_line' id='line_1_19' title="bbox 368 1798 1272 1868; baseline 0 -11"><span class='ocrx_word' id='word_1_122' title='bbox 368 1798 506 1858; x_wconf 88' lang='lat' dir='ltr'>avorum.&#39;</span> <span class='ocrx_word' id='word_1_123' title='bbox 1271 1849 1272 1868; x_wconf 43' lang='lat'>2</span> 
     </span>
    </p>

    <p class='ocr_par' dir='ltr' id='par_1_10' title="bbox 267 1869 1272 2844">
     <span class='ocr_line' id='line_1_20' title="bbox 328 1879 1160 1956; baseline -0.001 -17"><span class='ocrx_word' id='word_1_124' title='bbox 328 1880 377 1939; x_wconf 88' lang='lat' dir='ltr'>vix</span> <span class='ocrx_word' id='word_1_125' title='bbox 392 1901 424 1938; x_wconf 87' lang='lat' dir='ltr'>ea</span> <span class='ocrx_word' id='word_1_126' title='bbox 438 1881 513 1938; x_wconf 90' lang='lat' dir='ltr'>fatus</span> <span class='ocrx_word' id='word_1_127' title='bbox 527 1895 605 1939; x_wconf 88' lang='lat' dir='ltr'>erat:</span> <span class='ocrx_word' id='word_1_128' title='bbox 627 1879 735 1937; x_wconf 89' lang='lat' dir='ltr'>medios</span> <span class='ocrx_word' id='word_1_129' title='bbox 749 1879 835 1948; x_wconf 87' lang='lat' dir='ltr'>volat,</span> <span class='ocrx_word' id='word_1_130' title='bbox 848 1899 924 1951; x_wconf 90' lang='lat' dir='ltr'>ecce,</span> <span class='ocrx_word' id='word_1_131' title='bbox 936 1899 987 1956; x_wconf 93' lang='lat' dir='ltr'>per</span> <span class='ocrx_word' id='word_1_132' title='bbox 1001 1881 1100 1938; x_wconf 90' lang='lat' dir='ltr'>hostes</span> <span class='ocrx_word' id='word_1_133' title='bbox 1119 1898 1160 1948; x_wconf 79' lang='lat'>⁶50</span> 
     </span>
     <span class='ocr_line' id='line_1_21' title="bbox 287 1959 989 2039; baseline -0.004 -19"><span class='ocrx_word' id='word_1_134' title='bbox 287 1977 386 2020; x_wconf 88' lang='lat' dir='ltr'>vectus</span> <span class='ocrx_word' id='word_1_135' title='bbox 402 1981 477 2039; x_wconf 86' lang='lat' dir='ltr'>equo</span> <span class='ocrx_word' id='word_1_136' title='bbox 492 1976 643 2037; x_wconf 79' lang='lat' dir='ltr'>spumante</span> <span class='ocrx_word' id='word_1_137' title='bbox 659 1961 750 2031; x_wconf 82' lang='lat' dir='ltr'>Saces,</span> <span class='ocrx_word' id='word_1_138' title='bbox 763 1959 877 2018; x_wconf 89' lang='lat' dir='ltr'>adversa</span> <span class='ocrx_word' id='word_1_139' title='bbox 891 1959 989 2034; x_wconf 89' lang='lat' dir='ltr'>sagitta</span> 
     </span>
     <span class='ocr_line' id='line_1_22' title="bbox 288 2040 1066 2118; baseline -0.001 -19"><span class='ocrx_word' id='word_1_140' title='bbox 288 2041 399 2102; x_wconf 85' lang='lat' dir='ltr'>saucius</span> <span class='ocrx_word' id='word_1_141' title='bbox 413 2061 471 2114; x_wconf 87' lang='lat' dir='ltr'>ora,</span> <span class='ocrx_word' id='word_1_142' title='bbox 486 2040 601 2118; x_wconf 87' lang='lat' dir='ltr'>ruitque</span> <span class='ocrx_word' id='word_1_143' title='bbox 616 2040 762 2117; x_wconf 84' lang='lat' dir='ltr'>inplorans</span> <span class='ocrx_word' id='word_1_144' title='bbox 776 2040 894 2100; x_wconf 89' lang='lat' dir='ltr'>nomine</span> <span class='ocrx_word' id='word_1_145' title='bbox 909 2040 1066 2098; x_wconf 88' lang='lat' dir='ltr'>Turnum:</span> 
     </span>
     <span class='ocr_line' id='line_1_23' title="bbox 267 2120 1040 2198; baseline 0 -18"><span class='ocrx_word' id='word_1_146' title='bbox 267 2123 402 2192; x_wconf 68' lang='grc' dir='ltr'>ιΤιιηιε,</span> <span class='ocrx_word' id='word_1_147' title='bbox 415 2121 446 2178; x_wconf 88' lang='lat' dir='ltr'>in</span> <span class='ocrx_word' id='word_1_148' title='bbox 462 2136 490 2179; x_wconf 88' lang='lat' dir='ltr'>te</span> <span class='ocrx_word' id='word_1_149' title='bbox 506 2142 637 2198; x_wconf 88' lang='lat' dir='ltr'>suprema</span> <span class='ocrx_word' id='word_1_150' title='bbox 652 2121 743 2192; x_wconf 84' lang='lat' dir='ltr'>salus3</span> <span class='ocrx_word' id='word_1_151' title='bbox 765 2120 898 2179; x_wconf 86' lang='lat' dir='ltr'>miserere</span> <span class='ocrx_word' id='word_1_152' title='bbox 914 2137 1040 2180; x_wconf 86' lang='lat' dir='ltr'>tuorum.</span> 
     </span>
     <span class='ocr_line' id='line_1_24' title="bbox 288 2201 983 2280; baseline -0.001 -22"><span class='ocrx_word' id='word_1_153' title='bbox 288 2201 423 2260; x_wconf 87' lang='lat' dir='ltr'>fulminat</span> <span class='ocrx_word' id='word_1_154' title='bbox 437 2203 549 2260; x_wconf 87' lang='lat' dir='ltr'>Aeneas</span> <span class='ocrx_word' id='word_1_155' title='bbox 564 2201 648 2260; x_wconf 90' lang='lat' dir='ltr'>armis</span> <span class='ocrx_word' id='word_1_156' title='bbox 663 2221 844 2280; x_wconf 86' lang='lat' dir='ltr'>summasque</span> <span class='ocrx_word' id='word_1_157' title='bbox 858 2201 983 2262; x_wconf 90' lang='lat' dir='ltr'>minatur</span> 
     </span>
     <span class='ocr_line' id='line_1_25' title="bbox 287 2271 1272 2360; baseline -0.002 -20"><span class='ocrx_word' id='word_1_158' title='bbox 287 2282 465 2341; x_wconf 90' lang='lat' dir='ltr'>deiecturum</span> <span class='ocrx_word' id='word_1_159' title='bbox 480 2303 556 2342; x_wconf 90' lang='lat' dir='ltr'>arces</span> <span class='ocrx_word' id='word_1_160' title='bbox 571 2283 677 2341; x_wconf 89' lang='lat' dir='ltr'>Italum</span> <span class='ocrx_word' id='word_1_161' title='bbox 693 2281 863 2360; x_wconf 81' lang='lat' dir='ltr'>excidioque</span> <span class='ocrx_word' id='word_1_162' title='bbox 878 2282 1012 2340; x_wconf 89' lang='lat' dir='ltr'>daturum</span> <span class='ocrx_word' id='word_1_163' title='bbox 1021 2305 1032 2350; x_wconf 90' lang='lat'>;</span> <span class='ocrx_word' id='word_1_164' title='bbox 1271 2271 1272 2346; x_wconf 76' lang='lat' dir='ltr'>l</span> 
     </span>
     <span class='ocr_line' id='line_1_26' title="bbox 287 2361 1272 2440; baseline -0.006 -20"><span class='ocrx_word' id='word_1_165' title='bbox 287 2363 401 2440; x_wconf 87' lang='lat' dir='ltr'>iamque</span> <span class='ocrx_word' id='word_1_166' title='bbox 416 2361 491 2422; x_wconf 87' lang='lat' dir='ltr'>faces</span> <span class='ocrx_word' id='word_1_167' title='bbox 505 2363 542 2421; x_wconf 86' lang='lat' dir='ltr'>ad</span> <span class='ocrx_word' id='word_1_168' title='bbox 555 2378 631 2421; x_wconf 89' lang='lat' dir='ltr'>tecta</span> <span class='ocrx_word' id='word_1_169' title='bbox 645 2363 753 2423; x_wconf 88' lang='lat' dir='ltr'>volant.</span> <span class='ocrx_word' id='word_1_170' title='bbox 793 2362 824 2420; x_wconf 91' lang='lat' dir='ltr'>in</span> <span class='ocrx_word' id='word_1_171' title='bbox 840 2378 869 2420; x_wconf 87' lang='lat' dir='ltr'>te</span> <span class='ocrx_word' id='word_1_172' title='bbox 884 2383 931 2420; x_wconf 89' lang='lat' dir='ltr'>ora</span> <span class='ocrx_word' id='word_1_173' title='bbox 945 2362 1054 2432; x_wconf 86' lang='lat' dir='ltr'>Latini,</span> <span class='ocrx_word' id='word_1_174' title='bbox 1271 2379 1272 2414; x_wconf 81' lang='lat' dir='ltr'>l</span> 
     </span>
     <span class='ocr_line' id='line_1_27' title="bbox 286 2442 1272 2526; baseline -0.002 -25"><span class='ocrx_word' id='word_1_175' title='bbox 286 2442 317 2501; x_wconf 92' lang='lat' dir='ltr'>in</span> <span class='ocrx_word' id='word_1_176' title='bbox 332 2459 360 2501; x_wconf 91' lang='lat' dir='ltr'>te</span> <span class='ocrx_word' id='word_1_177' title='bbox 375 2444 471 2501; x_wconf 88' lang='lat' dir='ltr'>oculos</span> <span class='ocrx_word' id='word_1_178' title='bbox 486 2443 615 2518; x_wconf 88' lang='lat' dir='ltr'>referunt</span> <span class='ocrx_word' id='word_1_179' title='bbox 624 2467 633 2511; x_wconf 91' lang='lat'>;</span> <span class='ocrx_word' id='word_1_180' title='bbox 655 2460 759 2502; x_wconf 88' lang='lat' dir='ltr'>mussat</span> <span class='ocrx_word' id='word_1_181' title='bbox 773 2463 822 2502; x_wconf 83' lang='lat' dir='ltr'>rex</span> <span class='ocrx_word' id='word_1_182' title='bbox 838 2443 899 2520; x_wconf 90' lang='lat' dir='ltr'>ipse</span> <span class='ocrx_word' id='word_1_183' title='bbox 913 2443 1045 2516; x_wconf 86' lang='lat' dir='ltr'>Latinus,</span> <span class='ocrx_word' id='word_1_184' title='bbox 1271 2443 1272 2526; x_wconf 71' lang='lat' dir='ltr'>l</span> 
     </span>
     <span class='ocr_line' id='line_1_28' title="bbox 287 2522 1272 2603; baseline 0 -21"><span class='ocrx_word' id='word_1_185' title='bbox 287 2544 357 2602; x_wconf 88' lang='lat' dir='ltr'>quos</span> <span class='ocrx_word' id='word_1_186' title='bbox 371 2543 489 2599; x_wconf 89' lang='lat' dir='ltr'>generos</span> <span class='ocrx_word' id='word_1_187' title='bbox 504 2540 588 2582; x_wconf 92' lang='lat' dir='ltr'>vocet</span> <span class='ocrx_word' id='word_1_188' title='bbox 603 2540 652 2583; x_wconf 89' lang='lat' dir='ltr'>aut</span> <span class='ocrx_word' id='word_1_189' title='bbox 667 2545 738 2603; x_wconf 87' lang='lat' dir='ltr'>quae</span> <span class='ocrx_word' id='word_1_190' title='bbox 754 2544 813 2582; x_wconf 88' lang='lat' dir='ltr'>sese</span> <span class='ocrx_word' id='word_1_191' title='bbox 827 2523 863 2581; x_wconf 95' lang='lat' dir='ltr'>ad</span> <span class='ocrx_word' id='word_1_192' title='bbox 877 2523 991 2582; x_wconf 81' lang='lat' dir='ltr'>foedera</span> <span class='ocrx_word' id='word_1_193' title='bbox 1005 2522 1118 2583; x_wconf 87' lang='lat' dir='ltr'>flectat.</span> <span class='ocrx_word' id='word_1_194' title='bbox 1271 2527 1272 2554; x_wconf 63' lang='lat'>¹</span> 
     </span>
     <span class='ocr_line' id='line_1_29' title="bbox 285 2604 880 2682; baseline 0 -20"><span class='ocrx_word' id='word_1_195' title='bbox 285 2619 429 2682; x_wconf 84' lang='lat' dir='ltr'>praeterea</span> <span class='ocrx_word' id='word_1_196' title='bbox 444 2605 551 2679; x_wconf 87' lang='lat' dir='ltr'>regina,</span> <span class='ocrx_word' id='word_1_197' title='bbox 566 2605 609 2662; x_wconf 89' lang='lat' dir='ltr'>tui</span> <span class='ocrx_word' id='word_1_198' title='bbox 625 2604 768 2676; x_wconf 87' lang='lat' dir='ltr'>fidissima,</span> <span class='ocrx_word' id='word_1_199' title='bbox 783 2605 880 2663; x_wconf 81' lang='lat' dir='ltr'>dextra</span> 
     </span>
     <span class='ocr_line' id='line_1_30' title="bbox 285 2685 1158 2763; baseline 0.001 -21"><span class='ocrx_word' id='word_1_200' title='bbox 285 2685 393 2744; x_wconf 90' lang='lat' dir='ltr'>occidit</span> <span class='ocrx_word' id='word_1_201' title='bbox 407 2685 468 2762; x_wconf 89' lang='lat' dir='ltr'>ipsa</span> <span class='ocrx_word' id='word_1_202' title='bbox 482 2706 532 2743; x_wconf 85' lang='lat' dir='ltr'>sua</span> <span class='ocrx_word' id='word_1_203' title='bbox 546 2685 700 2763; x_wconf 88' lang='lat' dir='ltr'>lucemque</span> <span class='ocrx_word' id='word_1_204' title='bbox 716 2686 849 2744; x_wconf 86' lang='lat' dir='ltr'>exterrita</span> <span class='ocrx_word' id='word_1_205' title='bbox 863 2685 946 2760; x_wconf 89' lang='lat' dir='ltr'>fugit.</span> <span class='ocrx_word' id='word_1_206' title='bbox 1118 2703 1158 2743; x_wconf 82' lang='lat'>⁶60</span> 
     </span>
     <span class='ocr_line' id='line_1_31' title="bbox 285 2765 914 2844; baseline 0.002 -22"><span class='ocrx_word' id='word_1_207' title='bbox 285 2765 338 2823; x_wconf 92' lang='lat' dir='ltr'>soli</span> <span class='ocrx_word' id='word_1_208' title='bbox 353 2787 406 2843; x_wconf 90' lang='lat' dir='ltr'>pro</span> <span class='ocrx_word' id='word_1_209' title='bbox 420 2765 509 2843; x_wconf 89' lang='lat' dir='ltr'>portis</span> <span class='ocrx_word' id='word_1_210' title='bbox 526 2766 674 2844; x_wconf 86' lang='lat' dir='ltr'>Messapus</span> <span class='ocrx_word' id='word_1_211' title='bbox 690 2781 719 2824; x_wconf 91' lang='lat' dir='ltr'>et</span> <span class='ocrx_word' id='word_1_212' title='bbox 732 2787 797 2825; x_wconf 86' lang='lat' dir='ltr'>acer</span> <span class='ocrx_word' id='word_1_213' title='bbox 811 2766 914 2826; x_wconf 88' lang='lat' dir='ltr'>Atinas</span> 
     </span>
    </p>

    <p class='ocr_par' dir='ltr' id='par_1_11' title="bbox 285 2845 1114 3164">
     <span class='ocr_line' id='line_1_32' title="bbox 285 2845 1114 2924; baseline 0 -20"><span class='ocrx_word' id='word_1_214' title='bbox 285 2861 445 2904; x_wconf 86' lang='lat' dir='ltr'>sustentant</span> <span class='ocrx_word' id='word_1_215' title='bbox 459 2846 561 2904; x_wconf 90' lang='lat' dir='ltr'>aciem.</span> <span class='ocrx_word' id='word_1_216' title='bbox 604 2847 713 2904; x_wconf 90' lang='lat' dir='ltr'>circum</span> <span class='ocrx_word' id='word_1_217' title='bbox 727 2849 779 2905; x_wconf 91' lang='lat' dir='ltr'>hos</span> <span class='ocrx_word' id='word_1_218' title='bbox 794 2846 940 2924; x_wconf 88' lang='lat' dir='ltr'>utrimque</span> <span class='ocrx_word' id='word_1_219' title='bbox 954 2845 1114 2923; x_wconf 86' lang='lat' dir='ltr'>phalanges</span> 
     </span>
     <span class='ocr_line' id='line_1_33' title="bbox 285 2926 1072 3005; baseline 0.001 -21"><span class='ocrx_word' id='word_1_220' title='bbox 285 2941 360 2985; x_wconf 87' lang='lat' dir='ltr'>stant</span> <span class='ocrx_word' id='word_1_221' title='bbox 374 2927 488 2997; x_wconf 87' lang='lat' dir='ltr'>densae,</span> <span class='ocrx_word' id='word_1_222' title='bbox 503 2927 666 3005; x_wconf 87' lang='lat' dir='ltr'>strictisque</span> <span class='ocrx_word' id='word_1_223' title='bbox 681 2948 759 3004; x_wconf 89' lang='lat' dir='ltr'>seges</span> <span class='ocrx_word' id='word_1_224' title='bbox 774 2926 958 2986; x_wconf 88' lang='lat' dir='ltr'>mucronibus</span> <span class='ocrx_word' id='word_1_225' title='bbox 972 2927 1072 2985; x_wconf 85' lang='lat' dir='ltr'>horret</span> 
     </span>
     <span class='ocr_line' id='line_1_34' title="bbox 285 3005 1012 3083; baseline 0 -19"><span class='ocrx_word' id='word_1_226' title='bbox 285 3007 391 3066; x_wconf 87' lang='lat' dir='ltr'>ferrea:</span> <span class='ocrx_word' id='word_1_227' title='bbox 413 3022 445 3066; x_wconf 91' lang='lat' dir='ltr'>tu</span> <span class='ocrx_word' id='word_1_228' title='bbox 460 3027 576 3066; x_wconf 86' lang='lat' dir='ltr'>currum</span> <span class='ocrx_word' id='word_1_229' title='bbox 591 3008 702 3066; x_wconf 89' lang='lat' dir='ltr'>deserto</span> <span class='ocrx_word' id='word_1_230' title='bbox 717 3009 748 3066; x_wconf 91' lang='lat' dir='ltr'>in</span> <span class='ocrx_word' id='word_1_231' title='bbox 762 3008 888 3083; x_wconf 89' lang='lat' dir='ltr'>gramine</span> <span class='ocrx_word' id='word_1_232' title='bbox 904 3005 1012 3066; x_wconf 65' lang='lat' dir='ltr'>versas?</span> 
     </span>
     <span class='ocr_line' id='line_1_35' title="bbox 285 3086 907 3164; baseline 0.002 -20"><span class='ocrx_word' id='word_1_233' title='bbox 285 3086 423 3164; x_wconf 91' lang='lat' dir='ltr'>obstipuit</span> <span class='ocrx_word' id='word_1_234' title='bbox 436 3088 511 3146; x_wconf 88' lang='lat' dir='ltr'>varia</span> <span class='ocrx_word' id='word_1_235' title='bbox 526 3089 660 3147; x_wconf 89' lang='lat' dir='ltr'>confusus</span> <span class='ocrx_word' id='word_1_236' title='bbox 675 3088 799 3163; x_wconf 84' lang='lat' dir='ltr'>imagine</span> <span class='ocrx_word' id='word_1_237' title='bbox 813 3108 907 3146; x_wconf 87' lang='lat' dir='ltr'>rerum</span> 
     </span>
    </p>

    <p class='ocr_par' dir='ltr' id='par_1_12' title="bbox 286 3167 1051 3243">
     <span class='ocr_line' id='line_1_36' title="bbox 286 3167 1051 3243; baseline 0.004 -20"><span class='ocrx_word' id='word_1_238' title='bbox 286 3167 416 3238; x_wconf 90' lang='lat' dir='ltr'>Turnus,</span> <span class='ocrx_word' id='word_1_239' title='bbox 433 3184 461 3226; x_wconf 91' lang='lat' dir='ltr'>et</span> <span class='ocrx_word' id='word_1_240' title='bbox 476 3169 580 3227; x_wconf 88' lang='lat' dir='ltr'>obtutu</span> <span class='ocrx_word' id='word_1_241' title='bbox 596 3169 686 3228; x_wconf 89' lang='lat' dir='ltr'>tacito</span> <span class='ocrx_word' id='word_1_242' title='bbox 701 3169 781 3226; x_wconf 85' lang='lat' dir='ltr'>stetit</span> <span class='ocrx_word' id='word_1_243' title='bbox 794 3193 802 3238; x_wconf 91' lang='lat'>;</span> <span class='ocrx_word' id='word_1_244' title='bbox 824 3184 934 3227; x_wconf 88' lang='lat' dir='ltr'>aestuat</span> <span class='ocrx_word' id='word_1_245' title='bbox 948 3167 1051 3243; x_wconf 88' lang='lat' dir='ltr'>ingens</span> 
     </span>
    </p>

    <p class='ocr_par' dir='ltr' id='par_1_13' title="bbox 285 3246 981 3327">
     <span class='ocr_line' id='line_1_37' title="bbox 285 3246 981 3327; baseline 0.001 -22"><span class='ocrx_word' id='word_1_246' title='bbox 285 3267 344 3306; x_wconf 92' lang='lat' dir='ltr'>uno</span> <span class='ocrx_word' id='word_1_247' title='bbox 355 3246 386 3305; x_wconf 92' lang='lat' dir='ltr'>in</span> <span class='ocrx_word' id='word_1_248' title='bbox 401 3248 487 3306; x_wconf 90' lang='lat' dir='ltr'>corde</span> <span class='ocrx_word' id='word_1_249' title='bbox 500 3249 595 3326; x_wconf 92' lang='lat' dir='ltr'>pudor</span> <span class='ocrx_word' id='word_1_250' title='bbox 609 3250 760 3327; x_wconf 86' lang='lat' dir='ltr'>mixtoque</span> <span class='ocrx_word' id='word_1_251' title='bbox 773 3249 885 3307; x_wconf 87' lang='lat' dir='ltr'>insania</span> <span class='ocrx_word' id='word_1_252' title='bbox 900 3249 981 3308; x_wconf 88' lang='lat' dir='ltr'>luctu</span> 
     </span>
    </p>

    <p class='ocr_par' dir='ltr' id='par_1_14' title="bbox 567 3342 822 3407">
     <span class='ocr_line' id='line_1_38' title="bbox 567 3342 822 3407; baseline 0 -17"><span class='ocrx_word' id='word_1_253' title='bbox 567 3342 613 3407; x_wconf 77' lang='lat'>635</span> <span class='ocrx_word' id='word_1_254' title='bbox 632 3342 706 3393; x_wconf 86' lang='lat' dir='ltr'>voluit</span> <span class='ocrx_word' id='word_1_255' title='bbox 718 3343 822 3404; x_wconf 84' lang='lat' dir='ltr'>perferre.</span> 
     </span>
    </p>
   </div>
   <div class='ocr_carea' id='block_1_3' title="bbox 0 0 1286 4114">
    <p class='ocr_par' dir='ltr' id='par_1_15' title="bbox 0 0 1286 4114">
     <span class='ocr_line' id='line_1_39' title="bbox 0 0 1286 4114; baseline 0 1"><span class='ocrx_word' id='word_1_256' title='bbox 0 0 1286 4114; x_wconf 95' lang='lat' dir='ltr'> </span> 
     </span>
    </p>
   </div>
  </div>
 </body>
</html>
