2562 4114
257 355 303 418 3⁶⁶
520 354 546 402 P.
567 352 709 401 VERGILI
730 351 886 401 MARONIS

296 485 438 544 continuo
451 503 567 562 pugnae
579 482 712 541 accendit
726 483 838 541 maioris
852 482 965 558 imago;
1128 503 1166 551 εσυ

298 567 453 624 Mnesthea
469 565 689 642 Sergestumque
702 579 785 622 vocat
799 564 958 641 fortemque
974 563 1124 623 Serestum

296 647 439 718 ductores,
455 646 659 724 tumulumque
674 645 761 723 capit,
775 665 832 722 qua
844 659 940 703 cetera
954 644 1108 703 Teucrum

296 727 443 786 concurrit
457 727 544 804 legio,
557 745 613 784 uec
628 741 708 784 scuta
720 741 772 783 aut
784 723 896 803 spicula
909 726 990 784 densi

296 803 456 886 deponunt.
500 807 577 865 celso
591 806 703 864 medius
718 821 793 864 stans
808 825 908 881 aggere
922 806 1015 864 fatur:

275 895 332 947 ‘ne
347 910 403 967 qua
419 889 490 946 meis
505 903 565 946 esto
579 887 664 946 dictis
678 907 776 955 mora3
797 887 929 964 Iuppiter
942 888 995 944 hac
1010 902 1066 945 stat
1074 911 1084 954 ;

295 990 353 1028 neu
368 969 432 1048 quis
447 969 483 1027 ob
498 969 651 1045 inceptum
665 968 793 1026 subitum
807 967 879 1025 mihi
895 966 1006 1041 segnior
1020 967 1072 1026 ito.

296 1051 396 1108 urbem
411 1049 507 1122 hodie,
523 1067 636 1106 causam
651 1048 731 1118 belli,
746 1067 832 1123 regna
846 1048 906 1126 ipsa
921 1047 1029 1120 Larini,

295 1131 325 1189 ni
342 1132 456 1188 frenum
471 1130 603 1207 accipere
619 1144 648 1187 et
661 1129 731 1188 victi
745 1149 842 1206 parere
857 1129 994 1199 fatentur,

294 1231 392 1270 eruam
407 1225 437 1269 et
450 1230 541 1288 sequa
556 1211 617 1268 solo
633 1209 774 1268 fumantia
787 1209 916 1268 culmina
929 1229 1047 1286 ponam.

293 1293 405 1350 scilicet
421 1307 595 1368 exspectem,
611 1290 700 1348 libeat
714 1291 785 1348 dum
798 1290 906 1367 proelia
922 1290 1027 1348 Turno
1125 1320 1160 1358 ⁵⁷0

293 1388 387 1430 nostra
402 1372 472 1449 pati,
486 1392 640 1450 rursusque
655 1372 726 1429 velit
740 1389 909 1429 concurrere
923 1371 1035 1428 victus?

293 1454 348 1510 hoc
364 1453 460 1528 caput',
475 1473 492 1510 o
507 1452 592 1524 cives,
608 1454 679 1512 haec
695 1451 764 1510 belli
778 1469 890 1509 summa
905 1451 1033 1509 nefandi.

293 1533 367 1590 ferte
383 1533 458 1589 faces
473 1552 594 1610 propere
608 1532 768 1609 foedusque
782 1532 922 1609 reposcite
937 1531 1077 1590 dammis!

292 1612 413 1682 dixerat,
427 1627 513 1688 atque
528 1611 632 1668 animis
647 1613 754 1688 pariter
767 1612 942 1670 certantibus
957 1633 1057 1670 omnes

292 1692 362 1750 dant
375 1711 503 1750 cuneum
518 1692 663 1770 densaque
677 1693 714 1750 ad
729 1712 824 1752 muros
838 1693 916 1750 mole
931 1693 1073 1752 feruntur.

293 1774 383 1831 scalae
398 1773 542 1850 inproviso
558 1771 727 1851 subitusque
741 1773 872 1851 apparuit
886 1773 969 1848 ignis.

293 1853 458 1912 discurrunt
472 1853 521 1912 alii
536 1853 572 1911 ad
586 1868 682 1930 portas
695 1853 860 1932 primosque
875 1854 1028 1925 trucident,

293 1935 401 1993 ferrum
415 1933 465 1993 alii
480 1949 618 2012 torquent
633 1949 663 1992 et
677 1933 850 1992 obumbrant
863 1936 978 1992 aethera
991 1935 1066 1994 telis.

292 2016 353 2092 ipse
368 2016 445 2074 inter
459 2015 566 2092 primos
583 2014 713 2072 dextram
728 2015 780 2072 sub
794 2015 909 2073 moenis
923 2014 1019 2074 tendit

291 2097 414 2166 Aeneas,
429 2115 590 2173 magnaque
605 2095 719 2153 incusat
732 2116 803 2153 voce
816 2095 964 2166 Latinum,
1125 2114 1162 2162 580

293 2191 468 2254 testaturque
484 2175 552 2234 deos
567 2176 673 2234 iterum
688 2195 717 2234 se
731 2177 769 2234 ad
781 2176 890 2253 proelia
903 2177 976 2252 cogi,

292 2256 335 2314 bis
350 2256 407 2314 iam
422 2256 510 2314 Italos
524 2258 628 2329 hostes,
644 2258 715 2315 haec
731 2257 788 2314 iam
802 2257 890 2316 altera
905 2257 1019 2316 foedera
1033 2259 1139 2334 rumpi.

292 2337 420 2396 exoritur
435 2337 564 2414 trepidos
575 2337 654 2395 inter
668 2337 809 2396 discordia
824 2338 900 2396 cives
911 2360 932 2396 t*

293 2417 394 2476 urbem
407 2417 457 2475 alii
471 2436 595 2476 reserate
611 2418 712 2476 iubens
726 2433 756 2476 et
770 2418 894 2496 pandere
906 2431 1003 2496 portas

291 2497 473 2568 Dardanidis,
488 2497 642 2576 ipsumque
659 2501 777 2558 trahunt
791 2500 823 2557 in
837 2500 951 2558 moenia
964 2519 1081 2574 regem

292 2599 368 2638 arma
383 2581 481 2638 ferunt
495 2579 543 2636 alii
560 2593 589 2638 et
604 2595 730 2657 pergunt
743 2579 900 2638 defendere
914 2599 1027 2638 muros:

292 2659 416 2719 inclusas
430 2675 463 2718 ut
478 2677 546 2718 cum
561 2659 704 2719 latebroso
718 2661 749 2718 in
764 2661 880 2738 pumice
894 2677 988 2739 pastor

290 2741 439 2815 vestigavit
454 2759 520 2818 spes
536 2741 676 2818 firmoque
692 2742 814 2819 inplevit
828 2762 942 2812 amaror

291 2821 358 2878 illae
373 2821 452 2879 intus
468 2820 595 2900 trepidae
611 2841 706 2880 rerum
720 2843 772 2900 per
786 2843 866 2882 cerea
881 2817 968 2882 castra
1260 2891 1261 2898 ἵ

291 2901 456 2961 discurrunt
470 2902 638 2980 magnisque
653 2919 761 2962 acuunt
776 2903 942 2962 stridoribus
955 2903 1027 2970 irast
1124 2931 1164 2970 ⁵90
1260 2901 1261 2962 i

291 2981 416 3040 volvitur
430 2998 491 3041 ater
506 2983 577 3042 odor
592 2983 695 3051 tectis3
716 2999 778 3042 tum
794 3003 940 3042 murmure
954 3001 1040 3042 caeco

292 3061 370 3120 intus
386 3084 449 3120 saxa
465 3079 567 3122 sonant
576 3085 586 3131 ;
605 3083 707 3122 vacuas
722 3064 746 3122 it
762 3065 857 3122 fumus
872 3065 908 3124 ad
920 3083 1009 3123 auras.

333 3143 438 3201 accidit
453 3145 523 3202 haec
539 3143 619 3202 fessis
635 3144 721 3202 etiam
736 3145 852 3203 fortuna
867 3144 987 3217 Latinis,

292 3243 365 3301 quae
381 3237 471 3280 totam
486 3225 569 3282 luctu
584 3225 728 3283 concussit
743 3225 873 3284 funditus
889 3226 998 3286 umbem.

292 3303 390 3379 regins
404 3318 437 3360 ut
452 3304 535 3362 tectis
548 3305 714 3364 venientem
728 3305 865 3383 prospicit
879 3308 1003 3378 hostem,

293 3383 395 3444 incessi
411 3400 516 3458 mutos,
532 3384 612 3460 ignes
625 3385 662 3444 ad
677 3401 750 3444 tecta
764 3386 869 3459 volare,
