2562 4114
424 427 590 476 Aruernos
608 427 671 475 ars.
689 427 727 475 xi
973 441 1017 490 341

156 551 310 631 compositi
326 573 447 612 numero
462 553 493 611 in
509 569 625 613 turmas.
667 554 763 612 fremit
778 575 899 632 aequore
914 569 976 614 toto

157 635 298 693 insultans
312 633 435 712 sonipes,
450 651 480 693 et
494 635 596 711 pressis
610 650 719 712 pugnat
734 635 851 694 habenis
982 655 1021 694 σου

156 717 213 773 huc
229 715 363 773 obversus
378 729 408 773 et
421 717 501 786 huc3
524 731 585 774 tum
603 716 659 774 late
675 716 784 774 ferreus
798 715 885 774 hastis

155 797 253 854 horret
267 815 341 871 ager,
356 796 510 873 campique
526 796 609 854 armis
625 796 796 855 sublimibus
811 797 920 856 ardent.

157 896 210 935 nec
226 896 285 933 non
301 876 451 954 Messapus
466 892 567 935 contra
582 878 746 954 celeresque
761 877 858 935 Latini

156 971 269 1016 etcum
284 956 368 1015 fratre
384 956 481 1028 Coras,
498 972 526 1014 et
541 958 660 1032 virginis
676 959 720 1016 ala
736 957 887 1029 Camillae,

156 1036 265 1094 adversi
281 1057 383 1114 campo
398 1053 536 1115 apparent
551 1040 699 1116 hastasque
714 1037 840 1096 reductis

155 1117 335 1195 protendunt
349 1118 435 1194 longe
449 1118 566 1190 dextris,
581 1133 611 1177 et
626 1118 736 1195 spicula
750 1118 863 1176 vibrant
876 1143 885 1189 3

156 1198 353 1276 adventusque
368 1199 462 1256 virum
477 1199 667 1277 fremitusque
682 1199 804 1258 ardescit
818 1219 968 1277 equorum.

155 1277 270 1357 iamque
286 1279 361 1337 intra
375 1279 483 1337 iactum
499 1279 551 1337 teli
566 1299 727 1358 progressus
743 1295 864 1358 uterque

156 1358 340 1419 substiterat:
362 1359 458 1418 subito
472 1376 630 1438 erumpunt
645 1361 769 1419 clamore
785 1361 970 1438 furentesque

156 1441 346 1500 exhortantur
360 1461 470 1518 equos;
492 1440 620 1499 fundunt
635 1441 720 1498 simul
737 1441 865 1519 undique
881 1441 938 1499 tela
982 1459 1020 1498 610

155 1520 253 1580 crebra
267 1521 341 1579 nivis
355 1521 423 1592 ritu,
439 1521 609 1600 caelumque
623 1521 771 1580 obtexitur
788 1522 897 1580 umbra.

155 1601 296 1660 continuo
311 1601 433 1660 adversis
448 1602 619 1678 Tyrrhenus
635 1618 664 1660 et
679 1623 743 1660 acer
756 1603 904 1660 Aconteus

155 1681 252 1739 conixi
268 1682 421 1740 incurrunt
434 1683 530 1754 hastis,
547 1683 690 1760 primique
704 1683 817 1740 ruinam

155 1761 224 1821 dant
239 1762 334 1821 sonitu
350 1761 471 1838 ingenti,
487 1764 686 1842 perfractaque
701 1763 970 1842 quadrupedantum

154 1846 273 1919 pectora
286 1843 451 1920 pectoribus
465 1859 605 1921 rumpunt
620 1866 627 1902 :
650 1863 784 1901 excussus
799 1845 947 1900 Aconteus

87 1989 90 1996 ,
155 1923 287 1980 fulminis
302 1923 333 1980 in
349 1943 468 1992 morem,
483 1938 692 1992 auttormento
705 1922 841 2000 ponderis
856 1923 923 1993 acti,

154 2001 323 2080 praecipitat
338 2003 432 2077 longe,
449 2019 478 2061 et
493 2002 582 2061 vitam
598 2002 736 2080 dispergit
750 2001 781 2058 in
797 2022 885 2062 auras.

154 2083 301 2159 extemplo
316 2083 445 2140 turbatae
461 2082 544 2154 acies,
560 2083 690 2160 versique
705 2082 802 2140 Latini

154 2162 280 2220 reiciunt
294 2182 406 2240 parmas
421 2177 451 2220 et
466 2182 554 2240 equos
570 2164 604 2221 ad
619 2163 732 2221 moenia
746 2178 873 2222 vertunt.

155 2242 247 2300 Tro'e‘s
262 2259 350 2317 agunt
363 2267 371 2312 ;
392 2243 526 2321 princeps
542 2259 649 2301 turmas
665 2243 779 2301 inducit
793 2243 893 2302 Asilas.
981 2261 1019 2301 σω

154 2323 268 2402 iamque
282 2323 515 2401 propinquabant
529 2323 628 2402 portis,
643 2344 796 2402 rursusque
810 2323 906 2382 Latini

154 2405 308 2462 clamorem
324 2404 443 2474 tollunt,
458 2420 487 2463 et
502 2403 602 2462 mollia
617 2405 693 2462 colla
708 2403 863 2462 reflectunt
878 2429 886 2473 ;

152 2483 184 2542 hi
200 2483 326 2560 fugiunt,
341 2485 516 2563 penitusque
530 2484 602 2558 datis
618 2485 783 2544 referuntur
796 2484 925 2543 habenis.

154 2565 245 2643 qualis
262 2565 311 2624 ubi
327 2566 438 2623 alterno
452 2585 621 2642 procurrens
637 2565 748 2642 gurgite
763 2581 869 2642 pontus

154 2665 234 2704 nunc
249 2645 308 2705 ruit
322 2646 357 2705 ad
372 2661 469 2717 terras,
483 2647 673 2725 scopulosque
691 2645 845 2725 superiacit
860 2645 936 2703 unda

154 2745 298 2804 spumeus,
314 2743 531 2805 extremamque
546 2727 609 2785 sinu
624 2727 774 2804 perfundit
789 2729 925 2785 harenam
938 2751 947 2796 ;

154 2827 234 2866 nunc
249 2807 363 2886 rapidus
378 2823 453 2866 retro
468 2821 554 2885 atque
569 2823 648 2867 aestu
663 2809 793 2866 revoluta
809 2807 956 2866 resorbens

155 2907 220 2946 saxa
235 2888 318 2962 fugit,
335 2889 462 2965 litusque
476 2889 549 2946 vado
564 2888 678 2947 labente
694 2888 842 2966 relinquit.

154 2967 198 3026 bis
213 2968 305 3026 Tusci
321 2967 445 3027 Rutulos
460 2988 541 3043 egere
556 2968 593 3027 ad
607 2969 721 3028 moenia
735 2989 847 3034 versos3

154 3047 198 3105 bis
212 3047 312 3106 reiecti
328 3049 413 3108 armis
428 3064 591 3126 respectant
606 3064 685 3125 terga
699 3064 837 3125 tegentes.
979 3065 1018 3115 630

155 3127 241 3185 tertia
255 3129 305 3186 sed
319 3143 469 3206 postquam
484 3129 625 3206 congressi
640 3129 669 3186 in
684 3129 792 3206 proelia
808 3143 881 3187 totas

154 3206 315 3284 inplicuere
330 3208 406 3267 inter
421 3230 450 3268 se
465 3209 548 3282 acies,
564 3210 691 3287 legitque
706 3209 798 3268 virum
813 3209 856 3267 vir
869 3229 876 3268 t

155 3302 218 3346 tum
232 3308 300 3346 vero
314 3303 343 3347 et
356 3288 480 3364 gemitus
494 3290 680 3360 morientum,
696 3305 725 3348 et
740 3290 878 3366 sanguine
893 3288 923 3347 in
939 3289 997 3346 alto

139 3427 142 3434 ,
155 3388 291 3447 armaque
305 3388 480 3449 corporaque
495 3385 525 3429 et
538 3370 674 3448 permixti
690 3371 778 3429 caede
792 3371 918 3429 virorum

150 3463 195 3510 601
214 3478 345 3513 conversus.
372 3464 419 3527 ⁶09
436 3465 593 3514 substiterant.
627 3465 786 3514 constiterant.
821 3464 867 3512 ⁶12
886 3460 980 3509 adversi·
