2558 4112
237 317 284 376 ns
510 314 537 363 P.
555 312 698 362 vsuorrr
715 311 873 362 Mauortis

278 441 395 521 promisi
410 442 544 513 ultorem,
559 458 588 502 et
602 441 694 500 verbis
709 442 773 501 odia
787 462 882 520 aspera
897 443 984 502 movi.

269 523 348 584 hinc
362 523 435 581 mihi
449 522 540 601 prima
554 523 622 581 mali
637 523 714 582 labes
729 547 738 593 ;
758 523 827 582 hinc
843 543 955 601 semper
969 524 1074 584 Ulixes

278 605 446 665 criminibus
461 621 567 663 terrere
582 604 662 662 novis
677 629 686 675 ;
707 604 775 662 hinc
791 623 919 682 spargere
934 603 1018 664 voce's

278 686 309 746 in
323 687 442 762 vulgum
457 685 609 760 ambiguas,
626 701 655 744 et
669 705 804 763 quaerere
819 685 949 744 conscius
964 704 1050 745 arma.
1128 687 1133 696 '

278 787 332 826 nec
347 765 488 845 requievit
506 766 593 838 euim,
608 766 702 824 donec
719 766 879 826 Calchante
893 765 1067 826 ministro-
1108 795 1146 824 ιω

248 837 255 852 ’
278 848 327 908 sed
342 848 411 926 quid
425 867 477 922 ego
491 849 562 906 haee
576 861 674 905 autem
688 847 865 925 nequiquam
879 845 991 923 ingrata
1005 848 1145 906 revolvo?

277 929 382 1008 quidve
398 949 500 998 moror,
516 928 538 986 si
552 949 653 987 omnes
668 948 727 986 uno
741 927 841 986 ordine
855 927 965 986 habetis
978 928 1117 1000 Achivos,

277 1010 364 1088 idque
379 1009 476 1068 audire
491 1024 532 1068 sat
547 1013 610 1068 est?
630 1008 799 1067 iamdudum
814 1007 917 1067 sumite
931 1029 1057 1086 poenas:

277 1092 332 1149 hoc
347 1092 464 1149 Ithacus
478 1089 560 1161 velit,
574 1105 603 1150 et
617 1109 720 1166 magno
735 1105 900 1148 mercentur
914 1089 1050 1150 Atridae?

319 1185 382 1230 tum
397 1191 464 1229 vero
478 1172 607 1230 ardemus
622 1171 716 1230 scitari
732 1186 761 1229 et
775 1190 909 1250 quaerere
925 1190 1032 1242 causas,

277 1250 368 1328 ignari
383 1253 523 1310 scelerum
538 1267 683 1310 tantorum
697 1251 820 1330 artisque
837 1251 978 1327 Pelasgae.

277 1332 459 1410 prosequitur
472 1331 609 1410 pavitans,
625 1348 654 1390 et
668 1331 737 1391 ficto
751 1349 867 1410 pectore
882 1333 977 1392 fatur:

259 1421 322 1471 ‘sae
344 1433 360 1470 e
375 1414 472 1489 fugam
487 1413 580 1474 Danai
595 1413 685 1472 Troia
699 1414 815 1491 cupiere
831 1413 932 1473 relicta

277 1435 372 1552 moliri
387 1509 417 1552 et
430 1494 516 1568 longo
531 1493 595 1552 fessi
610 1493 756 1552 discedere
772 1495 849 1552 bello
861 1519 912 1565 3·-

277 1574 470 1654 fecissentque
485 1573 595 1633 utinam
608 1575 741 1653 l-saepe
756 1575 820 1634 illos
834 1595 930 1653 aspera
943 1574 1025 1653 ponti
1108 1603 1147 1634 110

277 1655 441 1715 interclusit
454 1655 575 1733 hiemps,
592 1672 621 1715 et
636 1655 737 1714 terruit
752 1656 858 1715 Auster
873 1672 983 1715 euntes.

276 1736 439 1815 praecipue,
455 1757 523 1795 cum
537 1735 594 1796 iarn
608 1736 655 1795 hic
671 1736 797 1795 trabibus
812 1751 964 1796 contextus
980 1735 1090 1795 acernis

277 1833 363 1876 staret
377 1837 476 1896 equus,
492 1832 553 1875 toto
567 1833 725 1876 sonuerunt
740 1819 856 1876 aethere
871 1817 974 1877 nimbi.

276 1898 404 1976 suspensi
419 1899 600 1975 Eurypylum
615 1898 748 1960 scitatum
763 1899 879 1957 oracula
895 1897 1002 1956 Phoebi

276 1978 418 2038 mittimus
430 2003 439 2048 ς
460 1978 539 2057 isque
554 1979 644 2056 adytis
657 1981 728 2039 haec
745 1978 835 2038 tristia
848 1979 925 2037 dicta
939 1993 1086 2057 reportat:

276 2062 404 2134 sanguine
413 2061 544 2136 placastis
559 2074 649 2118 ventos
663 2073 691 2118 et
706 2063 814 2136 virgine
829 2081 914 2130 caesa,

276 2143 462 2217 cumprimum
478 2140 579 2198 Iliacas
598 2141 691 2199 Danai
705 2144 814 2198 venistis
828 2141 866 2198 ad
877 2161 955 2199 oras:

275 2223 404 2296 sanguine
417 2222 562 2298 quaerendi
575 2222 687 2293 reditus,
702 2225 839 2298 animaque
854 2221 988 2280 litandum

276 2301 416 2377 Argolica.
457 2301 535 2378 vulgi
550 2323 623 2381 quae
638 2323 693 2361 vox
709 2317 741 2362 ut
755 2301 836 2361 veuit
850 2302 886 2360 ad
900 2322 989 2370 aures,

275 2381 437 2460 obstipuere
451 2383 548 2477 animi,
564 2384 732 2463 gelidusque
746 2403 797 2461 per
811 2383 869 2442 ima
883 2382 1012 2443 cucurrit
1107 2411 1147 2442 ιω

275 2481 334 2520 ossa
349 2479 464 2534 tremor,
478 2484 526 2522 cur
518 2463 598 2522 fata
612 2480 722 2543 parent,
739 2485 826 2542 quern
840 2480 938 2542 poscat
952 2464 1069 2542 Apollo.

274 2541 322 2602 hic
337 2544 453 2603 Ithacus
468 2559 563 2603 vatem
578 2565 681 2621 magno
698 2545 858 2604 Calchanta
873 2546 1000 2605 tumultu

274 2625 460 2762 protrahit'
426 2645 457 2682 m
472 2625 603 2696 medios;
624 2647 696 2704 quae
713 2626 769 2685 sint
785 2647 817 2688 ea
831 2627 952 2686 numina
966 2626 1075 2698 divom,

297 2721 391 2780 agitat.
434 2721 463 2765 et
478 2705 571 2764 mihi
564 2727 620 2765 ram
636 2707 722 2766 multi
739 2709 855 2767 crudele
870 2707 1013 2767 canebant

274 2786 389 2845 artificis
403 2787 506 2857 scelus,
520 2785 553 2845 et
563 2787 643 2846 taciti
661 2804 782 2847 ventura
796 2789 941 2847 videbant.

274 2866 316 2924 bis
330 2867 433 2945 quinos
448 2866 512 2927 silet
526 2867 576 2926 ille
591 2868 660 2938 dies,
679 2884 828 2949 tectusque
843 2885 954 2928 recusat

273 2947 392 3023 prodere
407 2968 478 3007 voce
493 2969 542 3008 sua
557 2969 732 3042 quemquam
747 2966 796 3008 aut
811 2970 955 3028 opponere
970 2948 1065 3010 morti.

274 3026 323 3084 vix
337 3028 463 3120 tandem,
479 3029 588 3104 magnis
604 3030 704 3089 Ithaci·
715 3031 888 3090 clamoribus
903 3046 990 3100 actus,

274 3107 431 3183 composito
445 3111 554 3188 rumpit
569 3130 682 3182 vocem,
697 3127 726 3170 et
740 3131 787 3170 me
802 3111 926 3170 destinat
940 3131 1013 3170 arae.

273 3187 420 3246 adsensere
436 3210 544 3263 omnes,
561 3208 601 3262 et,
616 3212 688 3270 quae
704 3191 756 3250 sibi
771 3191 891 3271 quisque
907 3191 1036 3262 timebat,
1110 3221 1159 3266 ῳ

274 3267 359 3326 unius
373 3267 404 3328 in
419 3269 514 3328 miseri
530 3271 652 3331 exitium
667 3293 803 3330 conversa
817 3273 919 3332 tulere.

506 3375 549 3426 105
568 3379 640 3414 casus.
676 3379 722 3428 114
738 3365 871 3416 scitantem.
