2568 4114
424 368 592 418 AENEIDOS
610 369 673 416 LIB.
690 370 717 416 V
991 384 1035 420 201

171 515 280 578 cogunt
294 519 350 573 me,
365 498 515 577 Neptune,
530 518 629 576 preces
644 498 842 557 descendere
834 517 865 556 ιιι
879 517 999 567 omnes3

171 601 258 660 quam
273 601 327 640 nec
343 581 427 656 longa
440 579 513 651 dies,
526 580 615 658 pietas
630 599 684 638 nec
700 579 825 672 mitigat·
827 579 895 650 ulla,

171 683 226 722 nec
242 661 340 720 Iovis'
332 661 454 739 imperio
468 660 568 720 fatisve
582 660 704 719 infracta
719 659 849 739 quiescit.

171 763 230 802 non
245 741 342 801 media
354 742 391 800 de
405 757 492 818 gente
507 741 651 818 Phrygum
665 741 792 800 exedisse
806 741 939 800 nefandis

173 825 275 882 urbem
289 822 363 882 odiis
378 821 445 880 satis
459 837 511 895 est,
527 842 581 880 nec
596 842 722 900 poenam
736 837 817 881 traxe
831 840 1014 899 peromnem
1030 841 1037 878 ι

172 903 309 982 reliquias
324 902 482 986 Troiae,
457 923 569 962 cineres
568 919 672 996 atque
686 923 748 961 ossa
761 917 929 981 peremptae

172 984 347 1076 insequitur.
388 1003 487 1042 causas
502 983 576 1042 tanti
592 984 663 1043 sciat
677 983 729 1042 illa
743 983 856 1042 furoris.

172 1065 235 1144 ipse
248 1064 322 1123 mihi
337 1085 431 1143 nuper
445 1064 563 1142 Libycis
578 1079 612 1124 tu
627 1065 706 1124 testis
721 1065 753 1123 in
768 1064 863 1136 undis,

174 1165 275 1240 quam
270 1146 380 1204 molem
391 1145 486 1203 subito
499 1145 642 1204 excierit:
663 1145 751 1204 maria
765 1144 863 1204 omnia
878 1143 960 1202 caelo
1002 1171 1040 1211 ⁷90

173 1225 300 1299 miscuit,
315 1225 425 1284 Aeoliis
441 1225 619 1305 nequiquam
634 1226 708 1284 freta
720 1225 867 1304 procellis,

173 1307 205 1366 in
221 1305 316 1384 regnis
330 1308 385 1366 hoc
401 1327 468 1372 ausa
483 1306 550 1366 tuis.

173 1407 226 1466 per
240 1388 334 1447 scelus
349 1407 418 1446 ecce
433 1387 521 1446 etiam
536 1386 672 1446 Troianis
688 1386 827 1445 matribus
842 1385 914 1444 actis

176 1469 283 1528 exussit
297 1469 382 1526 foede
396 1488 508 1546 puppes
521 1493 531 1539 ;
553 1483 582 1526 et
596 1468 685 1528 classe
700 1467 814 1543 subegit

175 1549 277 1610 amissa
291 1549 382 1608 socios
396 1549 513 1625 ignotae
528 1549 661 1627 linquere
676 1563 777 1608 terrae.

174 1631 253 1710 quod
267 1645 405 1708 superest,
420 1651 480 1702 oro,
495 1629 583 1689 liceat
598 1630 666 1688 dare
680 1645 743 1688 tuta
757 1648 809 1706 per
824 1629 915 1687 undas

174 1711 239 1770 vela
254 1711 317 1784 tibi,
333 1711 421 1770 liceat
435 1711 614 1774 Laurentem
629 1710 771 1786 attingere
785 1709 942 1784 Thybrim,

175 1791 198 1850 si
213 1812 349 1852 concessa
362 1807 442 1869 peto,
457 1791 567 1849 sidant
582 1811 614 1848 ea
629 1789 745 1848 moenia
761 1788 887 1846 Parcae?

215 1889 279 1933 tum
294 1872 445 1932 Saturnius
459 1872 532 1930 haec
548 1869 672 1927 domitor
686 1867 772 1926 maris
787 1867 880 1926 edidit
894 1867 968 1928 alti:

156 1955 216 2012 ‘fas
231 1974 318 2013 omne
333 1968 386 2024 est,
402 1951 558 2028 Cytherea,
573 1949 645 2008 meis
660 1964 690 2007 te
705 1949 794 2008 fidere
809 1949 913 2024 regnis,
1003 1965 1042 2006 ιω

177 2035 254 2092 unde
268 2054 359 2109 genus
373 2031 466 2090 ducis.
508 2029 601 2088 merui
616 2049 755 2108 quoque3
776 2050 860 2108 saepe
874 2030 983 2088 furores

176 2113 330 2191 compressi
346 2127 375 2170 et
390 2111 500 2170 rabiem
515 2125 626 2168 tantam
641 2111 774 2188 caelique
788 2110 942 2188 marisque.

174 2214 230 2252 nec
246 2193 341 2250 minor
355 2191 386 2250 in
401 2191 679 2251 terris—Xanthum
692 2190 897 2269 Simoentaque
912 2205 1042 2252 testor-

173 2277 293 2334 Aeneae
308 2272 381 2332 mihi
397 2293 465 2331 cura
480 2271 534 2330 tui.
575 2291 644 2330 curn
660 2271 750 2328 Tro‘t'a
764 2271 895 2329 Achilles

176 2354 341 2414 exanimata
355 2373 478 2432 sequens
493 2351 658 2430 inpingeret
673 2351 787 2427 agmina
801 2351 898 2422 muris,

176 2436 257 2494 milia
271 2435 364 2494 multa
379 2436 460 2493 daret
475 2434 544 2526 leto,
559 2446 768 2510 gemerentque
782 2431 886 2509 repleti

176 2537 285 2589 amnes,
301 2536 356 2574 uec
370 2515 496 2593 reperire
510 2514 587 2572 viam
602 2529 690 2590 atque
705 2513 836 2570 evolvere
850 2527 946 2589 posset

176 2597 208 2655 in
223 2616 301 2656 mare
316 2617 346 2655 se
361 2597 505 2668 Xanthus,
522 2594 639 2652 Pelidae
655 2610 726 2652 tunc
738 2613 794 2668 ego
808 2593 875 2651 forti

177 2698 362 2754 congressum
375 2679 497 2736 Aenean
512 2695 568 2734 nec
582 2673 625 2733 dis
640 2694 696 2734 nec
708 2674 819 2734 viribus
834 2673 931 2752 aequis

178 2759 256 2816 nube
270 2779 340 2817 cava
354 2757 446 2836 rapui,
461 2775 598 2834 cuperem
613 2776 682 2815 cum
697 2771 809 2816 vertere
824 2755 860 2814 ab
874 2755 934 2814 imo
1005 2769 1043 2811 810

177 2853 286 2898 structa
301 2838 372 2898 meis
387 2838 519 2897 manibus
534 2838 667 2916 periurae
681 2838 796 2898 moenia
811 2836 930 2896 Troiae.

178 2939 258 2979 nunc
270 2940 386 2999 quoque
395 2939 479 2978 mens
490 2919 591 2978 eadem
600 2935 710 2998 perstat
719 2920 811 2979 mihi:
826 2917 936 2996 pelle'
916 2933 1041 2977 timores.

178 3015 268 3072 tutus,
283 3022 355 3079 quos
368 3016 459 3078 optas,
475 3016 574 3077 portus
589 3001 710 3058 accedet
723 2999 845 3058 Averni.

179 3102 253 3140 unus
269 3081 323 3139 erit
338 3096 463 3153 tantum,
478 3079 614 3139 amissum
628 3099 716 3159 quem
730 3080 842 3157 gurgite
854 3099 999 3158 quaeres,

178 3182 271 3220 unum
285 3183 338 3239 pro
353 3161 453 3220 multis
466 3161 584 3220 dabitur
598 3161 705 3238 caput!

178 3242 222 3300 his
237 3242 287 3301 ubi
303 3242 379 3300 laeta
393 3242 464 3300 deae
478 3241 631 3320 permulsit
644 3257 765 3320 pectora
777 3241 872 3314 dictis,

178 3322 273 3398 iungit
288 3343 376 3401 equos
391 3343 461 3382 auro
474 3323 596 3398 genitor,
610 3322 833 3401 spumantiaque
848 3322 929 3380 addit

470 3417 515 3464 811
535 3417 655 3478 periturae.
