2558 4112
400 330 566 382 AENEIDOS
583 331 646 382 LIB.
662 333 689 381 11

129 463 264 544 optabam
279 461 404 540 primum
419 480 532 523 montes
545 463 728 544 primumque
742 466 883 544 petebam,

129 546 252 620 abnegat
267 543 361 602 excisa
375 543 464 604 vitam
477 545 635 622 producere
650 547 747 616 Troia,

130 626 322 732 exsiliumque
335 625 404 702 pati.
449 633 514 684 ‘vos
529 647 556 697 o,
571 626 696 704 quibus
689 642 799 703 integer
813 626 874 686 aevi

129 705 260 783 sanguis?
275 705 323 776 sit,
339 705 520 785 ‘solidaeque
535 728 586 766 suo
600 723 675 766 stant
689 707 830 766 robore'
804 729 885 780 vtres,

129 809 177 846 vos
193 787 297 863 agitate
312 786 418 862 fugam.
963 808 1002 858 ⁶40

130 889 176 927 me
192 868 214 926 si
230 866 383 926 caelicolae
398 868 553 928 voluissent
567 869 672 928 ducere
687 869 782 940 vitam,

128 951 178 1008 has
194 947 266 1007 mihi
281 965 438 1009 servassent
452 950 541 1010 sedes.
583 950 647 1008 satis
662 971 719 1008 una
733 970 873 1029 superque

58 1099 60 1106 Ι
130 1029 254 1088 vidimus
268 1029 390 1101 excidia,
406 1045 436 1089 et
449 1047 548 1109 captae
563 1031 756 1110 superavimus
770 1031 842 1090 urbi.

130 1110 169 1169 sie
185 1132 203 1169 o
217 1109 256 1170 sic
272 1110 397 1188 positum
412 1110 498 1170 adfati
512 1111 650 1170 discedite
665 1132 776 1190 corpus.

130 1192 191 1270 ipse
206 1210 293 1250 manu
309 1207 431 1252 mortem
445 1191 613 1264 inveniam3
634 1193 814 1252 miserebitur
828 1193 926 1264 hostis,

132 1272 304 1351 exuviasque
317 1287 420 1350 petet·
441 1273 555 1332 facilis'
547 1289 654 1333 tactura
668 1274 823 1352 sepulchri.

131 1353 186 1411 iam
201 1353 335 1432 pridem'
328 1353 434 1412 invisus
449 1353 520 1413 divis
535 1369 564 1413 et
578 1353 688 1414 inutilis
703 1375 792 1414 annos

131 1434 269 1506 demoror,
286 1455 323 1492 ex
338 1454 394 1513 quo
409 1454 455 1494 me
470 1435 567 1494 divom
580 1451 661 1514 pater
678 1452 778 1542 atque
779 1435 932 1494 hominum
949 1455 999 1492 rex

132 1515 261 1575 fulminis
276 1514 390 1575 adflavit
404 1515 505 1587 ventis,
522 1531 551 1574 et
565 1515 687 1592 contigit
702 1515 778 1592 igni'

133 1596 198 1654 talia
211 1596 353 1675 perstabat
368 1616 536 1667 memorans,
552 1596 681 1676 fixusque
696 1597 839 1656 manebat.
963 1615 1001 1662 6⁵0

133 1695 181 1735 uos
197 1691 296 1735 contra
310 1677 391 1736 effusi
407 1677 538 1750 lacrimis,
554 1678 740 1757 coniunxque
755 1677 863 1737 Creusa

132 1757 327 1836 Ascaniusque
341 1758 491 1836 omnisque
505 1759 616 1830 domus,
631 1779 668 1818 ne
682 1773 792 1817 vertere
806 1777 905 1816 secum

134 1853 237 1898 cuncta
250 1855 331 1918 pater
346 1839 460 1917 fatoque
475 1839 607 1914 urguenti
622 1839 790 1899 incumbere
804 1837 901 1898 vellet.

134 1919 260 1996 abnegat,
275 1920 450 1999 inceptoque
464 1936 493 1979 et
508 1918 621 1978 sedibus
635 1920 733 1978 haeret
747 1919 777 1978 in
793 1919 891 1978 isdem.

134 2021 223 2060 rursus
238 2001 269 2059 in
285 2022 362 2060 arma
375 2002 460 2072 feror,
475 2016 655 2078 mortemque
669 2000 842 2060 miserrimus
856 2015 945 2078 opto:
1030 2047 1033 2058 .

134 2101 198 2140 nam
213 2082 290 2161 quod
304 2081 457 2141 eonsilium
472 2098 521 2140 aut
535 2101 607 2160 quae
620 2081 677 2140 iam
692 2083 806 2141 fortuna
820 2081 960 2140 debatur?

116 2167 216 2222 ‘mene
231 2164 332 2221 efferre
346 2163 461 2242 pedem,
474 2162 596 2238 genitor,
610 2177 639 2220 te
653 2183 734 2238 posse
749 2162 850 2222 relicto

134 2244 269 2336 sperasti?
289 2259 460 2322 tantumque
475 2243 552 2302 nefas
567 2242 658 2322 patrio
673 2243 782 2301 excidit
791 2263 861 2302 ore
854 2247 865 2287 θ

134 2344 155 2381 st
147 2324 242 2383 nihil
257 2345 294 2383 er
309 2340 388 2384 tanta
378 2324 507 2417 'superis
523 2325 618 2403 placet
633 2324 703 2382 urbe
718 2323 853 2402 relinqui,

133 2421 161 2464 et
175 2406 254 2465 sedet
268 2406 323 2464 hoc
339 2404 445 2476 animo,
458 2405 658 2483 perituraeque
673 2403 775 2463 addere
790 2402 896 2462 Troiae
964 2420 1002 2460 660

134 2500 216 2564 teque
231 2503 352 2565 tuosque
367 2487 454 2558 iuvat,
469 2502 549 2564 patet
563 2486 608 2545 isti
623 2485 708 2546 ianua
721 2487 789 2558 leto,

133 2565 244 2646 iamque
259 2567 349 2626 aderit
363 2531 456 2627 multti
472 2567 627 2626 Priamide
643 2566 779 2642 sanguine
796 2565 928 2643 Pyrrhus,

132 2663 230 2707 natum
245 2665 311 2706 ante
326 2669 374 2706 ora
388 2647 482 2726 patris,
498 2665 608 2726 patrem
624 2669 672 2728 qur
665 2649 841 2706 'obtruncat
855 2645 891 2704 ad
905 2665 971 2704 aras

132 2727 184 2786 hoc
200 2744 269 2800 erat,
285 2729 358 2788 alma
371 2748 483 2807 pareus,
498 2730 574 2822 quod
588 2750 635 2788 me
649 2750 701 2808 per
714 2728 780 2798 tela,
796 2747 846 2804 per
861 2725 940 2803 ignes

131 2809 223 2886 eripis,
238 2826 271 2869 ut
285 2809 385 2868 mediis
400 2811 533 2869 hostem
525 2831 555 2869 tn
571 2810 773 2888 penetralibus,
789 2823 879 2886 utque

131 2889 288 2949 Ascanium
301 2907 469 2970 patremque
484 2911 583 2951 meum
597 2891 735 2970 iuxtaque
750 2889 890 2949 Creusam

132 2969 278 3030 alterum
270 2992 301 3029 1n
317 2971 435 3031 alterius
450 2987 589 3032 mactatos
604 2971 744 3062 sanguine
759 2972 899 3030 cernam?

131 3069 217 3124 arma,
232 3051 297 3124 viri,
313 3052 388 3111 ferte
404 3073 500 3112 arma:
522 3068 606 3111 vocat
621 3052 672 3110 lux
687 3050 791 3110 ultima
805 3050 907 3110 victos.

19 3149 24 3200 t
131 3131 244 3191 reddite
258 3152 306 3191 me
320 3133 449 3203 Danais,
471 3132 557 3191 sinite
571 3133 728 3191 instaurata
743 3132 865 3190 revisam
964 3145 1001 3197 ⁶69

19 3213 21 3268 l
130 3213 250 3288 proelia.
292 3233 453 3306 numquam
468 3233 568 3272 omnes
582 3212 671 3272 hodie
685 3211 844 3272 moriemur
858 3208 967 3270 inulti?

19 3279 21 3338 l
169 3293 240 3352 hinc
256 3292 334 3353 ferro
348 3294 484 3372 accingor
498 3313 601 3366 rursus,
617 3292 808 3373 clipeoque
787 3293 932 3353 s1nistram

19 3405 24 3454 q
458 3387 505 3449 6⁶7
522 3395 633 3438 mactato.
983 3399 984 3402 ’
