2568 4114
265 407 310 470 196
543 405 571 452 P.
588 401 731 452 VERGILI
749 403 907 452 MARONIS

304 534 413 595 Albani
428 535 554 593 docuere
569 555 653 604 suos;
674 533 744 592 hinc
760 533 885 626 maxima
899 554 985 611 porro
1137 554 1174 594 σω

305 615 419 693 accepit
434 615 536 687 Roma,
553 629 582 674 et
596 615 723 693 patrium
738 629 861 672 servavit
875 617 1035 685 honorem;

306 697 454 775 Troiaque
470 715 549 754 nunc
564 695 657 774 pueri,
674 696 838 754 Troianum
853 695 961 753 dicitur
976 716 1088 772 agmen.

305 780 359 837 hac
375 778 521 837 celebrata
536 792 620 835 tenus
636 792 736 836 saneto
751 775 908 834 certamina
922 776 1008 854 patri.

345 857 394 916 hic
409 857 536 935 primurn
551 858 669 916 fortuna
684 857 770 916 fidem
785 871 897 915 mutata
912 856 1038 915 novavit.

308 940 360 998 dm
374 939 459 998 variis
475 939 594 997 tumulo
612 939 747 996 referunt
762 936 916 996 sollemnia
932 937 1020 1007 ludis,

306 1019 377 1078 Irim
391 1021 428 1078 de
443 1019 525 1078 caelo
540 1019 619 1077 misit
636 1017 771 1077 Saturnia
786 1019 862 1076 Iuno

306 1101 427 1159 Iliacam
443 1099 478 1158 ad
493 1100 622 1172 classem,
637 1115 799 1177 ventosque
814 1099 939 1175 adspirat
954 1099 1046 1170 eunti,

233 1254 235 1260 ἲ
307 1182 398 1240 multa
413 1201 541 1253 movens,
558 1181 686 1239 necdum
702 1179 856 1257 antiquum
871 1195 994 1238 saturata
1009 1179 1149 1238 dolorem.

306 1262 367 1333 illa,
382 1262 459 1319 viam
474 1262 604 1320 celerans
619 1281 671 1339 per
687 1261 768 1318 mille
784 1260 928 1319 coloribus
944 1280 1052 1333 arcum,

306 1341 382 1400 nulli
395 1341 455 1400 visa
470 1342 530 1401 cito
544 1341 673 1400 decurrit
690 1341 804 1400 tramite
819 1341 917 1416 virgo:
1136 1359 1172 1398 σω

307 1422 450 1499 conspicit
465 1423 615 1498 ingentem
630 1442 815 1494 concursum,
832 1436 861 1479 et
876 1421 960 1479 litora
975 1421 1087 1492 lustrat,

306 1503 491 1580 desertosque
505 1503 586 1560 videt
601 1519 701 1581 portus
717 1504 894 1580 classemque
910 1502 1052 1561 relictam.

306 1598 336 1641 at
349 1583 451 1661 procul
467 1583 498 1640 in
514 1582 573 1641 sola
588 1600 716 1642 secretae
732 1583 864 1642 Troades
879 1597 942 1641 acta

306 1664 442 1722 amissum
455 1663 606 1722 Anchisen
622 1663 742 1736 flebant,
758 1679 940 1741 cunctaeque
953 1663 1133 1740 profundum

305 1759 430 1823 pontum
445 1745 632 1823 aspectabant
647 1744 768 1804 flentes:
792 1746 876 1816 ‘heu‚
892 1759 935 1802 tot
949 1744 1021 1802 vada
1036 1744 1126 1816 fessis,

307 1841 336 1885 et
351 1839 466 1884 tanturn
481 1846 628 1904 superesse
643 1824 729 1884 maris
740 1825 763 1885 l'
784 1845 841 1882 vor
856 1824 990 1882 omnibus
1006 1845 1072 1884 una.

306 1906 408 1965 urbem
423 1922 508 1964 orant
517 1932 527 1978 ;
548 1907 646 1966 taedet
661 1906 755 1984 pelagi
771 1906 898 1983 perferre
913 1905 1050 1964 laborem.

306 2007 373 2063 ergo
388 1987 466 2045 inter
479 1987 588 2046 medias
603 2007 664 2046 sese
679 1987 758 2045 haud
772 1986 870 2062 ignara
885 1985 1011 2045 nocendi

306 2066 425 2138 conicit,
442 2083 470 2125 et
485 2067 649 2145 faciemque
664 2067 735 2126 deae
750 2083 917 2145 vestemque
932 2067 1064 2144 reponit:
1119 2119 1121 2127 s

306 2147 339 2205 fit
354 2148 455 2218 Beroe,
471 2148 584 2206 Tmarii
602 2149 732 2207 coniunx
748 2149 887 2224 longaeva
900 2147 1032 2224 Dorycli,
1135 2165 1171 2205 εκ
1254 2197 1255 2202 ,

306 2228 353 2287 cui
369 2229 459 2304 genus
475 2243 503 2287 et
519 2229 667 2306 quondam
684 2249 791 2288 nomen
808 2228 929 2306 natique
943 2227 1085 2298 fuissent3

260 2371 264 2380 ,
306 2329 338 2368 ac
354 2309 394 2367 sic
409 2308 610 2367 Dardanidum
626 2310 752 2368 mediam
768 2330 798 2367 se
813 2309 951 2367 matribus
966 2308 1075 2368 infert:

284 2389 292 2417 ‘
305 2409 323 2448 o
338 2389 468 2462 miserae,
484 2410 553 2468 quas
569 2411 629 2449 non
645 2391 768 2462 manus,'
783 2389 889 2468 inquit,
906 2389 1051 2448 ‘Achaica
1065 2389 1141 2448 bello

306 2469 424 2531 traxerit
439 2470 476 2529 ad
490 2471 583 2530 letum
599 2471 707 2548 patriae
723 2470 777 2529 sub
790 2470 960 2530 moenibus!
984 2491 1001 2528 o
1015 2489 1084 2546 gens

304 2551 425 2610 infelix!
449 2551 497 2610 cui
513 2567 542 2610 te
557 2551 647 2610 exitio
662 2551 779 2610 fortuna
793 2555 936 2610 reservat?

305 2631 427 2710 septima
440 2647 506 2710 post
521 2631 630 2690 Troiae
646 2632 793 2691 excidium
809 2631 867 2690 iarn
881 2631 1005 2690 vertitur
1019 2646 1118 2702 aestas,

305 2732 372 2771 cum
387 2713 553 2785 freta-cum
569 2728 656 2771 terras
672 2733 781 2785 omnes,
798 2728 842 2772 tot
856 2712 1003 2790 inhospita
1019 2733 1085 2770 sara

304 2793 454 2872 sideraque
470 2813 604 2852 emensae
620 2793 750 2866 ferimur,
767 2795 838 2853 dum
851 2813 904 2871 per
916 2812 995 2852 mare
1010 2810 1146 2869 magnum

296 2873 420 2932 ¹ltaliam
434 2874 583 2953 sequimur
597 2873 768 2950 fugientem,
784 2889 814 2932 et
827 2873 972 2933 volvimur
987 2871 1082 2933 undis.

304 2953 352 3012 hic
367 2955 466 3032 Erycis
481 2955 553 3014 fines
568 2955 698 3028 fraterni,
714 2971 800 3034 atque
815 2957 919 3032 hospes
932 2955 1070 3013 Acestes:
1134 2969 1171 3020 ⁶³0

303 3033 367 3112 quis
381 3035 518 3112 prohibet
532 3056 628 3094 muros
643 3035 747 3109 iacere,
763 3036 874 3095 et'dare
890 3035 1002 3095 civibus
1017 3035 1137 3093 urbem?

303 3134 321 3171 o
335 3115 437 3191 patria,
453 3131 482 3176 et
497 3116 570 3193 rapti
587 3116 765 3194 nequiquam
781 3136 816 3174 ex
831 3117 914 3174 hoste
930 3117 1063 3188 Penates,

303 3195 424 3252 nullane
439 3197 497 3255 iam
513 3196 621 3256 Troiae
636 3197 772 3256 dicentur
786 3196 922 3254 moenia?
943 3215 1087 3274 nusquam

304 3275 467 3334 Hectoreos
483 3296 591 3348 amnes,
608 3278 760 3337 Xanthum
776 3291 805 3334 et
821 3276 978 3348 Simoenta,
994 3276 1119 3334 videbo?

302 3355 374 3435 quin
390 3355 465 3432 agite
481 3372 510 3415 et
524 3377 640 3417 mecum
655 3357 794 3416 infaustas
810 3357 923 3416 exurite
938 3376 1060 3434 puppes.

303 3456 370 3496 nam
385 3436 457 3495 mihi
474 3437 652 3498 Cassandrae
667 3459 719 3516 per
733 3457 867 3498 somnum
882 3436 956 3497 vatis
970 3435 1066 3510 imago
