2556 4116
536 435 563 482 P.
580 435 722 482 VERGILI
741 435 898 484 MARONIS

303 585 350 622 me
366 580 463 623 tamen
479 563 537 622 urit
551 583 631 622 amor
645 585 652 621 :
674 563 738 642 quis
752 563 831 622 enim
845 564 947 622 modus
961 565 1036 624 adsit
1049 565 1161 624 amori?

303 667 319 704 a
335 645 482 722 Corydon,
499 645 646 722 Corydon,
662 665 734 723 quae
750 661 778 704 te
793 645 940 704 dementia
955 644 1054 723 cepit?

303 726 474 804 semiputata
489 726 541 784 tibi
556 725 689 784 frondosa
703 726 769 785 vitis
784 726 814 784 in
830 727 910 785 ulmo
925 741 976 786 est.
1144 757 1170 796 70

303 807 375 886 quin
390 823 421 866 tu
437 807 547 885 aliquid
561 807 662 865 saltem
676 807 781 884 potius,
796 827 918 885 quorum
932 807 1044 883 indiget
1058 827 1132 880 usus

303 887 460 946 inminibus
475 887 613 967 mollique
628 909 709 966 paras
723 888 856 947 detexere
870 889 980 946 iunco?

303 968 436 1028 invenies
449 968 547 1039 alium,
564 968 585 1028 si
601 985 629 1028 te
643 969 692 1028 hic
708 969 827 1040 fastidit,
840 968 976 1029 Alexim’

596 1369 766 1430 ECLOGA
786 1371 834 1429 111

621 1528 809 1578 PALAEMON

463 1669 606 1720 Menneu.
641 1671 784 1718 Danorrns.
820 1670 965 1719 Pamisos.
1063 1708 1066 1720 .

345 1785 391 1844 M.
412 1784 471 1844 D1c
479 1785 563 1857 mihi,
572 1786 723 1856 Damoeta,
734 1784 833 1844 cuium
841 1807 929 1864 pecus
938 1791 949 1845 i
959 1806 994 1844 an
1006 1785 1167 1846 Meliboei?

345 1867 384 1926 D.
406 1886 474 1937 non,
480 1886 581 1925 verum
589 1867 734 1942 Aegonis3
749 1886 841 1944 nuper
849 1867 921 1925 mihi
928 1866 1046 1925 tradidit
1054 1866 1165 1942 Aegon.

346 1947 390 2006 M.
412 1947 517 2005 infelix
532 1967 549 2006 o
564 1967 675 2024 semper
689 1967 755 2005 oves
769 1948 878 2024 pecus!
901 1947 961 2024 ipse
977 1947 1122 2006 Neaeram

302 2027 371 2085 dum
387 2027 465 2086 fovet
479 2049 510 2086 ac
526 2047 563 2085 nc
579 2026 625 2084 me
641 2027 694 2085 sibi
709 2028 848 2105 praeferat
863 2027 912 2084 illa
927 2043 1049 2098 veretur,

301 2109 349 2166 hic
366 2108 475 2167 alicnus
489 2129 555 2166 oves
571 2123 665 2166 custos
680 2108 723 2166 bis
738 2109 848 2183 mulget
862 2108 892 2165 in
907 2110 984 2179 hora,

302 2204 331 2248 ct
345 2209 429 2248 sucus
442 2189 539 2267 pecori
555 2204 585 2246 et
599 2189 642 2247 lac
658 2189 828 2249 subducitur
841 2189 929 2264 agnis.

345 2269 385 2329 D.
406 2269 519 2348 parcius
534 2269 587 2328 ista
600 2270 667 2328 viris
683 2285 779 2329 tamen
794 2270 948 2329 obicienda
963 2287 1119 2330 memento.

302 2350 445 2422 novimus,
459 2366 489 2409 et
503 2351 553 2429 qui
568 2366 606 2423 te,
622 2367 778 2410 transversa
793 2351 939 2410 tuentibus
954 2352 1050 2422 hircis,

303 2448 332 2491 ct
346 2432 494 2510 quo-—scd
508 2431 606 2490 faciles
622 2432 779 2510 Nymphae
793 2431 1035 2490 risere-sacello.

344 2513 389 2572 M.
411 2521 485 2584 tum,
495 2513 589 2585 credo,
599 2533 667 2571 cum
678 2533 725 2570 me
737 2513 883 2570 arbustum
892 2512 988 2569 videre
1001 2511 1130 2572 Miconis
1142 2542 1168 2570 ιο

302 2608 388 2673 atque
402 2594 478 2653 mala
491 2594 564 2652 vites
579 2593 708 2652 incidere
723 2593 798 2651 falce
813 2591 948 2651 novellas.

345 2674 386 2734 D.
407 2689 456 2733 aut
470 2674 519 2732 hic
535 2674 570 2732 ad
584 2691 693 2732 veteres
708 2674 784 2748 fagos
799 2692 867 2731 cum
881 2672 1044 2749 Daphnidis
1059 2694 1157 2733 arcum

302 2755 409 2830 fregisti
425 2770 454 2814 ct
468 2756 590 2814 calamos
605 2777 612 2813 :
634 2774 708 2832 quae
723 2769 764 2826 tu,
779 2774 909 2832 perverse
925 2755 1075 2826 Menalca,

301 2851 331 2894 et
346 2855 413 2895 cum
428 2836 524 2894 vidisti
539 2855 629 2914 puero
643 2835 757 2905 donata,
773 2835 899 2906 dolebas,

302 2917 367 2974 etsi
383 2936 442 2975 non
457 2918 554 2996 aliqua
568 2916 722 2987 nocuisses,
735 2930 865 2974 mortuus
880 2935 962 2975 esses.

345 2997 390 3056 M.
412 2998 483 3076 quid
496 2997 607 3057 domini
622 2996 737 3068 faciant,
753 2996 859 3055 audent
873 3017 941 3056 cum
957 2996 1026 3056 talia
1041 2997 1140 3055 fures?

302 3098 360 3137 non
376 3098 427 3154 ego
442 3094 470 3136 te
485 3078 544 3137 vidi
559 3078 710 3150 Damonis,
724 3077 857 3156 pessime,
872 3097 989 3156 caprum

302 3160 436 3237 excipere
451 3159 572 3230 insidiis,
586 3159 712 3218 multum
727 3159 850 3217 latrante
864 3159 1008 3235 Lycisca?

303 3255 332 3298 et
346 3261 414 3298 cum
428 3239 584 3298 clamarem
600 3247 674 3319 ‘quo
689 3259 767 3298 nunc
782 3261 811 3298 se
825 3240 947 3318 proripit
961 3239 1035 3298 iuer

302 3319 413 3396 Tityre,
430 3339 500 3395 coge
514 3341 602 3398 pecus
615 3319 640 3379 !'
655 3336 686 3379 tu
702 3335 765 3398 post
779 3336 892 3378 carecta
907 3320 1025 3379 latebas.
1142 3347 1169 3378 ω

345 3400 386 3460 D.
408 3421 444 3459 an
459 3400 531 3458 mihi
545 3401 689 3460 cantando
703 3401 796 3459 victus
809 3420 868 3458 non
883 3401 1016 3460 redderet
1029 3398 1080 3458 ille

301 3501 389 3560 quem
403 3501 468 3540 mea
482 3481 657 3540 carminibus
672 3481 822 3540 meruisset
836 3481 930 3540 fistula
944 3484 1084 3559 caprum?
