2558 4112
395 348 563 397 AENElDOS
580 349 644 399 LIB.
661 350 700 398 ΙΙΙ
780 352 782 357 ’

132 477 292 556 accipiunt,
308 476 455 556 celerique
470 477 537 554 fuga
553 479 604 537 sub
620 479 712 539 sidera
727 481 823 558 lapsae

133 579 272 621 semesam
286 557 424 636 praedam
440 573 469 617 et
482 559 603 636 vestigia
618 561 704 619 foeda
719 560 900 640 relinquunt.

132 661 189 701 uua
204 639 236 696 in
251 639 398 716 praecelsa
413 640 547 699 consedit
562 662 633 719 rupe
649 641 791 715 Celaeno,
834 701 836 706 ,

132 721 237 781 infelix
252 734 342 792 vates,
356 720 525 798 rumpitque
540 723 617 780 hanc
631 737 750 814 pectore
765 743 889 783 vocem:

113 803 242 862 ‘bellum
259 800 347 859 etiam
361 821 413 878 pro
429 801 518 860 caede
535 803 623 862 boum
638 803 790 882 stratisque
804 803 945 878 iuvencis,

132 881 410 973 Laomedontiadae,
425 882 577 942 bellumne
592 883 700 943 inferre
713 884 820 962 paratis

134 979 163 1022 et
176 961 271 1055 patrio
286 962 454 1040 Harpyias
446 979 576 1022 insontes
591 965 703 1043 pellere
718 970 830 1041 regno?

133 1042 258 1121 accipite
273 1063 340 1118 ergo
354 1042 459 1102 animis
473 1059 560 1123 atque
575 1046 647 1103 haec
662 1066 726 1104 mea
741 1045 821 1122 figite
836 1046 924 1120 dicta,
968 1075 1006 1114 250

133 1145 207 1204 quae
244 1123 363 1182 Phoebo
399 1125 485 1184 Pater
519 1125 715 1204 omnipotens,
751 1126 824 1186 mihi
868 1128 1004 1188 Phoebus

213 1205 323 1283 Apollo

132 1285 288 1364 praedixit,
303 1284 384 1344 vobis
401 1286 551 1346 Furiarum
568 1307 620 1363 ego
637 1287 763 1346 maxima
778 1289 886 1366 pando.

133 1366 249 1424 ltaliam
264 1386 348 1424 cursu
363 1367 473 1445 petitis,
489 1367 641 1460 ventisque
655 1368 765 1427 vocatis

133 1446 211 1506 ibitis
227 1447 344 1506 Italiam
359 1463 517 1540 portusque
533 1447 641 1508 intrare
655 1449 780 1520 licebit;

134 1527 183 1586 sed
199 1548 259 1585 non
275 1543 343 1587 ante
359 1528 457 1588 datam
473 1529 595 1606 cingetis
610 1530 762 1589 moenibus
778 1530 889 1603 urbem,

135 1629 221 1688 quam
235 1629 284 1668 vos
300 1609 362 1667 dira
378 1609 469 1668 fames
485 1627 657 1689 nostraeque
672 1611 778 1669 iniuria
793 1610 891 1670 caedis

135 1690 262 1749 ambesas
277 1689 390 1765 subigat
405 1691 489 1750 malis
504 1691 654 1750 absumere
669 1691 802 1750 mensas.‘

136 1770 219 1843 dixit,
236 1786 265 1829 et
280 1771 311 1828 in
326 1771 429 1829 silvam
444 1771 544 1849 pinnis
559 1772 655 1832 ablata
670 1772 787 1848 refugit.

136 1867 163 1910 at
178 1851 263 1910 sociis
278 1851 372 1911 subita
386 1851 500 1928 gelidus
514 1852 672 1911 formidine
688 1852 800 1928 sanguis

135 1933 280 2009 deriguit:
304 1933 437 1992 cecidere
453 1933 554 2006 animi,
570 1953 625 1992 nec
641 1932 699 1990 iam
713 1932 839 2011 amplius
854 1931 938 1992 armis
969 1951 1007 1991 κιο

136 2013 185 2071 sed
198 2013 273 2072 votis
287 2013 483 2106 precibusque
499 2013 603 2073 iubent
618 2034 773 2091 exposcere
788 2033 902 2091 pacem,

136 2093 194 2152 sive
209 2095 281 2153 deae
296 2115 346 2153 seu
361 2095 419 2153 sint
435 2095 514 2153 dirae
534 2094 735 2173 obscenaeque
750 2095 892 2154 volucres.

137 2190 165 2232 et
178 2190 261 2253 pater
275 2175 418 2234 Anchises
434 2174 522 2252 passis
539 2175 576 2232 de
591 2174 677 2233 litore
691 2175 796 2253 palmis

137 2256 256 2314 numina
271 2276 374 2332 magna
389 2271 473 2314 vocat
489 2255 666 2333 meritosque
682 2255 787 2314 indicit
801 2257 947 2316 honores:

117 2336 163 2393 ‘di
178 2337 333 2414 prohibete
347 2337 460 2407 minas3
482 2335 511 2395 di
529 2337 619 2394 talem
633 2336 755 2395 avertite
770 2356 868 2412 casum

137 2432 166 2474 et
179 2417 287 2495 placidi
303 2433 414 2476 servate
428 2417 511 2495 pios.'
555 2431 618 2476 tum
633 2416 718 2474 litore
734 2417 836 2474 funem

136 2497 268 2576 deripere
283 2518 474 2575 excussosque
489 2498 571 2556 iubet
587 2499 683 2556 laxare
698 2496 844 2555 rudentes.

137 2579 263 2638 tendunt
277 2580 341 2637 vela
357 2577 450 2650 Noti;
473 2578 598 2654 fugimus
615 2578 816 2657 spumantibus
831 2576 925 2650 undis,

135 2679 192 2735 qua
207 2679 321 2717 cursum
336 2675 499 2737 ventusque
514 2660 748 2738 gubernatorque
763 2658 894 2717 vocabat.

135 2739 193 2796 iam
208 2739 306 2798 medio
321 2755 441 2817 apparet
456 2739 548 2798 lluctu
564 2761 715 2800 nemorosa
731 2740 902 2818 Zacynthos
970 2767 1008 2806 270

134 2818 368 2898 Dulichiumque
384 2822 527 2899 Sameque
544 2836 573 2882 et
588 2821 707 2880 Neritos
722 2821 811 2880 ardua
827 2819 910 2879 saxis.

135 2900 287 2976 effugimus
303 2902 436 2979 scopulos
451 2901 580 2973 Ithacae,
596 2902 711 2961 La‘e'rtia
726 2921 822 2977 regna,

134 2995 165 3038 et
182 2996 285 3040 terram
301 2981 433 3040 altricem
449 2982 525 3042 saevi
542 3003 723 3040 exsecramur
739 2981 835 3040 Ulixi.

132 3080 204 3118 mox
221 3077 249 3120 et
264 3062 411 3120 Leucatae
427 3062 559 3122 nimbosa
574 3062 725 3121 cacumina
740 3061 847 3120 montis

133 3157 163 3199 et
180 3141 352 3202 formidatus
367 3143 463 3202 nautis
477 3142 605 3221 aperitur
619 3143 738 3221 Apollo.

130 3223 215 3280 hunc
229 3223 356 3302 petimus
371 3223 438 3282 fessi
455 3240 484 3282 et
498 3244 602 3302 parvae
617 3223 799 3283 succedimus
814 3221 896 3293 urbi;

131 3324 241 3364 ancora
256 3305 293 3364 de
307 3327 391 3384 prora
406 3305 520 3378 iacitur,
536 3319 613 3364 stant
628 3304 713 3364 litore
727 3325 850 3386 puppes.

467 3399 513 3446 268
531 3398 636 3448 ferimur.
