2562 4114
429 341 597 390 AENBIDOS
615 343 678 391 LIB.
696 343 734 390 XI
990 360 1035 408 333

169 491 223 530 nec
238 481 413 548 quemquam
428 469 549 529 incuso:
571 470 752 548 potuitquae
766 471 891 548 plurima
904 472 995 532 virtus

171 571 241 621 esse,
255 551 320 610 fuit.
363 566 424 610 toto
439 567 580 611 certatum
595 567 638 610 est
653 572 770 628 corpore
784 553 875 628 regni.

172 651 250 692 nunc
266 632 345 704 adeo,
360 652 434 710 quae
449 633 485 690 sit
500 632 604 691 dubiae
619 632 760 691 sententia
774 633 875 706 menti,

171 711 320 790 expediam
335 727 364 772 et
377 713 626 791 paucis—animos
641 713 933 774 adhibete—docebo.

172 809 214 853 est
230 793 365 872 antiquus
379 813 445 870 ager
460 794 560 852 Tusco
574 794 647 852 mihi
663 793 808 872 proximus
823 795 910 867 amni,

171 875 272 949 longus
287 873 318 931 in
333 895 478 946 occasum,
494 875 564 933 fines
580 895 664 952 super
680 895 769 953 usque
785 875 901 934 Sicanos
914 901 923 946 3

170 954 302 1015 Aurunci
319 955 481 1034 Rutulique
497 971 602 1026 serunt,
618 971 647 1014 et
661 976 776 1014 vomere
791 956 876 1014 duros

171 1051 308 1094 exercent
322 1035 418 1107 colles,
434 1051 520 1113 atque
534 1038 638 1095 horum
653 1037 804 1112 asperrima
819 1053 948 1113 pascunt.

171 1118 241 1174 haec
256 1116 348 1175 omnis
363 1117 450 1193 regio,
466 1132 496 1175 et
510 1116 578 1175 celsi
593 1117 717 1194 plaga'
690 1136 776 1194 prnea
790 1118 906 1189 montis,
1002 1149 1040 1188 320

171 1197 254 1255 cedat
268 1197 411 1256 amicitiae
426 1197 631 1264 Teucrorum,
653 1213 682 1254 et
696 1197 818 1256 foederis
833 1218 935 1280 aequas

171 1277 301 1336 dicamus
315 1279 400 1354 leges,
415 1277 561 1356 sociosque
577 1277 607 1336 in
623 1297 711 1354 regna
726 1299 883 1347 vocemus3

172 1358 368 1428 considant,
347 1379 370 1417 sr
386 1374 481 1417 tantus
496 1379 586 1429 amor,
601 1374 630 1417 et
645 1359 758 1418 moenia
772 1360 910 1420 condant

171 1439 215 1497 sin
230 1439 298 1497 alios
313 1439 384 1498 fines
398 1440 540 1517 aliamque
556 1459 700 1517 capessere
714 1455 831 1515 gentem

171 1536 212 1579 est
227 1520 346 1590 animus,
361 1536 537 1598 possuntque
553 1521 613 1579 solo
628 1520 768 1580 decedere
783 1538 901 1592 nostro;

171 1600 213 1659 bis
227 1601 314 1660 denas
329 1601 403 1660 Italo
419 1616 548 1660 texamus
563 1601 664 1660 robore
678 1621 772 1674 naves,

170 1702 219 1741 seu
234 1682 329 1776 plures
344 1683 489 1760 complere
506 1682 624 1750 valent3
646 1682 721 1741 iacet
735 1682 828 1741 omnis
843 1683 878 1742 ad
893 1684 1000 1742 undam

170 1763 321 1831 materies;
342 1762 395 1840 ipsi
412 1782 625 1841 numerumque
640 1763 818 1840 modumque
833 1763 936 1822 carinis

170 1843 368 1922 praecipiant,
390 1864 440 1902 nos
456 1863 529 1913 aera,
544 1863 656 1914 manus,
671 1843 782 1901 navalia
796 1843 906 1903 demus.

170 1940 324 2002 praeterea,
339 1943 389 2002 qur
382 1923 481 1981 dicta
495 1923 589 1981 ferant
604 1938 633 1980 et
647 1922 762 1981 foedera
777 1923 902 1995 firment,
1002 1954 1039 1994 ³³0

171 2021 290 2065 centum
306 2019 428 2063 oratores
442 2003 535 2081 prima
550 2002 586 2061 de
601 2018 688 2079 gente
703 2003 821 2062 Latinos

170 2086 211 2146 ire
226 2086 329 2162 placet,
344 2084 478 2162 pacisque
494 2103 580 2143 manu
597 2084 782 2162 praetendere
797 2105 896 2154 ramos,

171 2187 290 2227 munera
303 2181 449 2243 portantes
464 2164 583 2243 aurique
598 2165 747 2258 eborisque
763 2167 871 2224 talenta

171 2264 200 2308 et
214 2248 313 2307 sellam
327 2266 408 2323 regnr
400 2246 629 2325 ''trabeamque
621 2245 744 2322 insignia
758 2247 856 2306 nostri.

171 2326 335 2388 consulite
328 2348 357 2385 ιιι
373 2327 512 2399 medium,
527 2343 557 2386 et
571 2327 655 2385 rebus
670 2327 827 2386 succurrite
842 2327 937 2387 fessis!

211 2425 273 2468 tum
287 2408 429 2480 Drances,
442 2407 519 2467 idem
534 2408 674 2480 infensus,
689 2429 777 2486 quem
792 2408 882 2500 gloria
897 2409 994 2468 Turni

170 2491 287 2569 obliqua
300 2489 408 2549 invidia
422 2489 603 2568 stimulisque
618 2489 741 2566 agitabat
755 2489 864 2560 amaris,

171 2573 261 2649 largus
276 2590 374 2650 opum,
389 2586 419 2630 et
434 2570 532 2646 lingua
547 2569 656 2641 melior,
673 2570 722 2629 sed
738 2569 840 2646 frigida
854 2570 931 2628 bello

170 2653 296 2724 dextera,
310 2651 435 2712 consiliis
449 2651 562 2710 habitus
577 2671 635 2710 non
651 2649 741 2710 futilis
757 2667 865 2720 auctor,

170 2733 310 2792 seditione
324 2749 555 2811 potens—genus
569 2732 638 2790 huic
653 2746 783 2790 materna
798 2731 952 2809 superbum
999 2761 1036 2800 340

171 2814 303 2873 nobilitas
317 2813 434 2885 dabau'
427 2828 571 2872 incertum
585 2813 621 2871 de
635 2829 715 2890 patre
729 2812 880 2872 ferebat-

170 2895 267 2970 surgit,
283 2893 369 2953 ethis
384 2911 483 2954 onerat
498 2893 581 2952 dictis
595 2909 681 2972 atque
696 2910 806 2968 aggerat
820 2893 893 2951 iras:

151 2981 232 3034 ‘rem
246 2974 320 3033 nulli
335 2976 493 3046 obscuram,
507 2990 617 3033 nostrae
632 2994 687 3034 uec
702 2974 781 3033 vocis
794 2990 936 3049 egentem,

170 3056 304 3125 consulis,
320 3076 337 3114 0
351 3056 426 3116 bone
440 3077 510 3115 rex:
533 3055 631 3114 cuncti
646 3076 675 3114 se
690 3054 760 3114 scire
775 3055 909 3125 fatentur,

170 3137 241 3215 quid
255 3137 370 3195 fortuna
384 3137 457 3196 ferat
471 3136 571 3214 populi
584 3160 594 3206 3
615 3136 664 3195 sed
678 3135 774 3194 dicere
789 3151 925 3195 mussant.

170 3218 219 3276 det
234 3217 394 3277 libertatern
409 3217 499 3288 fandi,
512 3216 654 3294 flatusque
668 3215 805 3287 remittat,

170 3298 252 3357 cuius
264 3298 302 3357 ob
316 3297 474 3376 auspicium
488 3298 645 3357 infaustum
660 3316 809 3375 moresque
824 3297 990 3355 sinistros-

169 3379 264 3439 dicam
275 3378 419 3458 equidem,
430 3379 498 3440 licet
509 3399 585 3438 arma
596 3377 667 3440 mihi
676 3393 856 3456 mortemque
866 3377 1033 3436 minetur-
