2562 4114
251 369 298 418 3²⁰
521 353 550 402 P.
568 346 711 400 VERGlll
729 351 887 400 MARONIS

290 481 424 542 sternitur
439 481 541 541 infelix
556 481 651 540 alieno
665 481 794 552 vulnere,
809 481 980 561 caelumque

290 563 399 642 aspicit,
415 578 445 622 et
458 563 558 622 dulces
573 561 697 620 moriens
712 561 906 620 reminiscitur
919 564 1022 638 A1gos.

290 661 353 706 tum
367 644 432 721 pius
446 645 558 702 Aeneas
572 645 681 703 hastam
696 642 764 701 iacit
779 667 788 713 ;
802 642 859 701 iila
872 663 924 721 per
939 645 1040 702 orbem

290 745 353 784 aere
368 743 471 784 cavum
486 724 605 802 triplici,
619 744 670 801 per
685 723 761 782 linea
775 739 863 800 terga,
878 724 1025 802 tribusque

291 806 402 865 transiit
417 805 562 864 intextum
578 805 664 863 tauris
678 825 760 882 opus,
774 804 888 883 imaque
902 805 974 864 sedit

291 887 433 963 inguine;
454 885 503 944 sed
517 886 589 944 vires
604 884 681 944 haud
695 885 824 962 pertulit.
866 885 945 944 ocius
960 907 1062 945 ensem

289 970 411 1039 Aeneas,
425 968 485 1026 viso
499 965 647 1044 Tyrrheni
663 966 800 1041 sanguine
815 967 914 1038 laetus,

291 1048 406 1127 eripita
421 1048 528 1107 femine
544 1063 572 1106 et
587 1047 741 1124 trepidanti
757 1047 881 1106 fervidus
896 1047 991 1106 instat.

291 1129 433 1206 ingemuit
448 1129 505 1188 cari
520 1127 642 1205 graviter
657 1128 794 1203 genitoris
809 1148 912 1199 amore,
1259 1181 1260 1212 ,

293 1226 325 1269 ut
338 1211 420 1282 vidit,
435 1210 543 1268 Lausus
556 1235 566 1280 ;
588 1208 780 1288 lacrimaeque
795 1229 845 1286 per
859 1229 907 1266 ora
920 1208 1047 1268 volutae.
1131 1239 1167 1279 ⁷90
1259 1267 1260 1278 ,

291 1290 341 1350 hic
355 1291 453 1349 mortis
467 1291 554 1350 durae
568 1309 665 1350 casum
680 1305 786 1368 tuaque
801 1289 909 1366 optima
922 1290 1005 1359 facta,

292 1371 314 1430 si
330 1392 386 1450 qua
400 1371 486 1429 fidem
501 1385 581 1429 tanto
595 1386 638 1430 est
652 1370 730 1450 operi
747 1371 837 1430 latura
850 1385 981 1441 vetustas,

292 1472 351 1511 non
366 1451 511 1530 equidem,
526 1471 580 1510 nec
596 1467 634 1522 te,
649 1450 761 1510 iuvenis
775 1451 971 1522 memorande,
985 1451 1089 1512 silebo.

293 1533 342 1590 ille
356 1531 460 1610 pedem
475 1533 600 1590 referens
616 1547 645 1591 et
658 1531 771 1590 inutilis
785 1531 874 1610 inque
889 1531 989 1608 ligatus

293 1613 422 1683 cedebat,
436 1612 588 1690 clipeoque
603 1611 758 1671 inimicum
772 1613 872 1672 hastile
887 1613 1025 1673 trahebat.

292 1693 423 1772 prorupit
436 1693 547 1752 iuvenis
563 1713 681 1771 seseque
697 1693 845 1753 inmiscuit
859 1693 941 1752 armis
953 1719 963 1763 ς

293 1775 407 1854 iamque
422 1774 597 1849 adsurgentis
612 1774 712 1833 dextra
727 1775 896 1853 plagamque
910 1773 1028 1832 ferentis

293 1857 410 1915 Aeneae
425 1855 511 1915 subiit
526 1875 706 1926 mucronem,
723 1855 874 1934 ipsumque
888 1855 1026 1914 morando

294 1937 428 1996 sustinuit
441 1962 451 2007 ;
471 1936 540 1995 socii
556 1957 660 2013 magno
676 1938 799 1995 clamore
814 1951 981 2015 sequuntur,

294 2018 365 2076 dum
379 2017 491 2092 genitor
505 2017 565 2076 nati
580 2037 677 2094 parma
692 2032 836 2094 protectus
851 2017 940 2075 abiret
953 2042 962 2087 3
1129 2033 1167 2074 soo

294 2099 408 2177 telaque
422 2097 582 2170 coniciunt,
598 2099 823 2176 proturbantque
838 2097 950 2156 eminus
964 2099 1078 2156 hostem

295 2177 456 2248 missilibus.
498 2179 568 2237 furit
582 2181 702 2250 Aeneas,
718 2194 868 2256 tectusque
882 2194 962 2237 tenet
975 2197 1015 2236 se.

295 2279 326 2317 ac
341 2260 420 2317 velut
435 2259 523 2318 effusa
537 2259 559 2317 si
576 2260 690 2338 quando
704 2260 843 2335 grandine
858 2259 950 2318 nimbi

295 2339 493 2416 praecipitant,
509 2339 603 2398 omnis
620 2341 726 2419 campis
742 2339 856 2416 diffugit
870 2356 973 2410 arator,

294 2419 387 2478 omnis
402 2436 431 2479 et
446 2420 578 2496 agricola,
593 2436 622 2480 et
638 2436 699 2479 tuta
713 2420 783 2479 latet
797 2441 862 2479 arce
876 2421 977 2490 viator,

296 2514 344 2559 aut
358 2501 449 2559 amnis
463 2501 542 2578 ripis,
558 2517 607 2560 aut
623 2501 672 2560 alti
689 2501 798 2560 fornice
813 2501 883 2572 saxi,

295 2581 364 2639 dum
379 2581 453 2658 pluit
467 2581 498 2640 in
515 2581 606 2653 tertis,
624 2598 656 2640 ut
670 2581 779 2660 possint
793 2582 851 2640 sole
865 2583 986 2641 reducto

296 2681 429 2721 exercere
444 2661 522 2720 diem
537 2684 543 2720 :
566 2663 606 2721 sic
623 2663 741 2722 obrutus
756 2663 885 2741 undiquc
900 2662 964 2721 telis

295 2743 409 2802 Aeneas
423 2743 531 2801 nubem
547 2742 628 2814 belli,
643 2744 714 2801 dum
728 2743 847 2802 detonet
860 2743 965 2814 omnis,

297 2823 426 2895 sustinet,
441 2837 471 2881 et
485 2824 613 2883 Lausum
629 2823 786 2902 increpitat
800 2824 949 2902 Lausoque
965 2822 1116 2881 minatur:
1131 2838 1170 2879 810

276 2910 351 2982 ‘quo
365 2904 502 2963 moriture
518 2904 584 2976 ruis,
600 2904 765 2983 maioraque
779 2904 886 2964 viribus
900 2903 1008 2964 audes?

297 2984 372 3044 fallit
386 3001 415 3045 te
430 2985 580 3044 incautum
594 2985 686 3064 pietas
702 2983 767 3045 tua!
808 3005 863 3044 nec
878 2985 974 3044 minus
987 2984 1038 3042 ille

297 3066 419 3125 exsultat
433 3067 561 3126 demens.
603 3087 701 3126 saevae
717 3066 831 3145 iamque
846 3065 931 3125 altius
945 3064 1002 3123 irae

297 3146 445 3205 Dardanio
459 3163 578 3223 surgunt
593 3147 715 3220 ductori,
731 3163 914 3225 extremaque
929 3146 1024 3204 Lauso

299 3227 404 3284 Parcae
420 3227 467 3286 fila
481 3229 604 3305 legunt:
624 3229 751 3286 validum
766 3247 891 3307 namque
905 3225 993 3302 exigit
1008 3243 1110 3284 ensem

298 3327 350 3384 per
363 3308 492 3366 medium
505 3309 618 3368 Aeneas
632 3308 775 3380 iuvenem,
790 3322 944 3387 totumque
957 3305 1101 3366 recondit.

415 3415 460 3464 791
480 3402 574 3464 optime.
641 3403 687 3465 796
705 3402 824 3466 proripuit.
891 3401 937 3464 8ος
954 3409 1011 3450 arte.
