2568 4114
259 305 308 358 ers
531 308 558 358 ι.
575 307 718 358 venosus
735 279 895 358 msnouts'

302 459 357 498 nec
372 439 475 498 vidisse
490 438 578 498 semel
593 439 657 498 satis
672 453 736 509 est;
757 437 835 496 iuvat
850 458 939 516 usque
954 438 1056 498 morari

302 536 331 579 ct
345 520 476 580 conferre
489 520 609 596 gradum
623 535 652 579 et
666 518 801 579 veniendi
816 518 926 577 discere
940 539 1046 580 causas.

302 616 330 659 at
343 600 479 660 Danaum
493 621 624 678 proceres
637 599 939 679 Agamemnoniaeque
953 601 1109 679 phalanges

303 697 335 741 ut
349 680 445 741 videre
460 682 554 742 virum
569 681 765 760 fulgentiaque
779 701 856 740 arma
866 701 920 758 per
934 681 1056 754 umbras,
1131 713 1173 752 490

302 762 413 840 ingenti
428 762 566 839 trepidare
581 779 680 833 metu3
701 783 762 839 pars
776 777 884 821 vertere
900 777 986 838 terga,

302 863 356 902 ceu
370 843 515 922 quondam
529 843 638 922 petiere
652 859 742 910 rates3
763 863 824 920 pars
839 843 940 902 tollere
954 862 1056 902 vocem

302 923 453 1000 exiguam:
474 923 608 1001 inceptus
621 924 729 983 clamor
743 923 893 982 frustratur
906 923 1027 983 hiantes.

342 1020 427 1084 atque
442 1003 489 1063 hic
506 1004 668 1086 l'riamidcn
683 1004 821 1063 laniatum
835 1024 953 1082 corpore
968 1020 1029 1064 toto

301 1085 489 1162 Deiphobum
504 1081 586 1165 vidit,
600 1086 727 1146 lacerum
741 1085 896 1144 crudeliter
909 1105 966 1156 ora,

300 1187 349 1224 ora
354 1186 520 1245 manusque
535 1153 641 1240 ainbas,
656 1157 850 1245 populataque
865 1182 992 1244 tempora
1006 1165 1094 1244 raptis

300 1245 424 1318 auribus,
439 1262 469 1306 et
483 1262 599 1306 truncas
613 1247 767 1306 inhonesto
780 1248 902 1306 vulnere
916 1267 1005 1306 nares.

300 1327 348 1384 vix
362 1326 434 1387 adeo
447 1327 581 1403 adgnovit
596 1329 773 1406 pavitantem
788 1343 817 1387 ct
831 1327 892 1386 dira
906 1342 1052 1403 tegentem

300 1407 450 1484 supplicia,
464 1423 493 1466 et
507 1408 581 1467 notis
597 1409 752 1486 compellat
765 1408 884 1468 vocibus
897 1408 994 1468 ultro:

279 1488 453 1566 ‘Deiphobe
477 1488 659 1566 armipotens,
683 1509 773 1565 genus
797 1489 856 1551 alto
882 1510 899 1549 a
922 1487 1170 1568 sanguinelTeu-

380 1589 432 1640 erl,
1132 1599 1172 1638 soo

299 1649 362 1728 quis
377 1665 435 1708 tam
449 1650 578 1710 crudeles
593 1651 701 1730 optavit
715 1672 827 1712 sumere
842 1655 966 1729 poenas?

299 1730 346 1789 cui
362 1746 476 1790 tantum
490 1731 525 1790 de
540 1747 569 1792 te
584 1731 689 1792 licuit?
710 1733 781 1792 mihi
798 1733 872 1792 fama
886 1752 1016 1810 suprema

300 1827 385 1870 nocte
401 1812 468 1871 tulit
482 1813 588 1872 fessum
603 1828 723 1872 vastate
738 1813 824 1872 caede
840 1813 990 1889 Pelasgum

298 1892 481 1970 procubuisse
496 1913 579 1972 super
593 1895 727 1953 confusae
742 1894 839 1970 stragis
854 1913 998 1954 acervum.

298 1986 369 2031 tunc
383 1988 498 2066 egomet
513 1975 659 2034 tumulum
675 1976 806 2034 Rhoeteo
820 1973 925 2034 litore
917 1993 1035 2033 inanem

298 2053 446 2124 constitui,
460 2070 489 2113 et
503 2074 605 2132 magna
622 2055 727 2114 Manes
742 2070 785 2114 ter
799 2075 871 2114 voce
885 2055 993 2116 vocari.

298 2154 405 2193 nomen
421 2150 449 2193 et
464 2153 542 2194 arms
557 2131 655 2196 locum
670 2152 803 2207 servant3
825 2152 863 2208 te,
878 2136 979 2208 amice,
993 2135 1112 2214 nequivi

298 2215 462 2292 conspicere
478 2231 506 2274 ct
519 2217 610 2295 patria
624 2217 765 2276 decedens
780 2237 887 2295 ponere
901 2215 994 2276 terra?

298 2295 419 2374 adquae
436 2289 614 2358 Priamides.
635 2297 726 2356 ‘nihil
742 2319 769 2371 ο,
785 2297 847 2370 tibi,
863 2298 964 2370 amice,
979 2297 1139 2368 relictum;

298 2377 395 2436 omnia
407 2377 565 2456 Deiphobo
580 2378 687 2437 solvisti
703 2394 732 2438 et
748 2379 857 2437 funeris
872 2379 989 2439 umbris.
1127 2406 1170 2444 510

297 2457 347 2516 sed
360 2478 407 2516 me
422 2458 481 2518 fata
494 2478 558 2518 mea
572 2475 601 2518 et
615 2460 707 2518 scelus
722 2459 839 2519 exitiale
853 2460 1002 2519 Lacaenae

296 2536 341 2596 his
355 2558 477 2598 mersere
492 2539 573 2598 malis
587 2561 594 2598 ι
615 2539 666 2598 illa
680 2541 752 2602 hacc
767 2541 947 2600 monimenta
961 2537 1090 2618 reliquit.

297 2638 422 2710 namque
436 2635 469 2678 ιιι
482 2638 649 2712 supremam
663 2621 732 2679 falsa
747 2621 824 2680 inter
838 2621 939 2714 gaudia
953 2635 1070 2680 noctem

298 2699 448 2772 egerimus,
462 2700 556 2768 nosti·
577 2717 606 2759 et
620 2700 744 2760 nimium
760 2701 924 2762 meminisse
939 2720 1054 2760 necesse
1068 2716 1120 2758 est.

297 2798 363 2836 cum
379 2780 472 2838 fatalis
488 2801 578 2858 equus
593 2782 665 2840 saltu
681 2802 765 2860 super
780 2782 868 2840 ardua
883 2782 963 2841 venit

297 2857 444 2934 Pergama,
458 2877 487 2919 et
501 2877 641 2920 armatum
658 2863 785 2939 peditem
798 2863 889 2938 gravis
904 2861 1001 2921 attulit
1015 2861 1100 2920 alvo:

296 2937 356 3009 illa,
370 2941 491 3000 chorum
505 2941 653 3015 simulans,
670 2959 787 3002 euantes
801 2943 879 3019 orgia
893 2943 1005 3003 circum

296 3017 419 3078 ducebat
435 3021 587 3098 Phrygias;
608 3022 754 3082 flammam
769 3023 885 3082 media
877 3044 937 3102 ipsa
952 3020 1069 3082 tenebat

295 3097 454 3174 ingentem,
468 3117 497 3160 et
511 3123 622 3162 summa
634 3103 750 3163 Danaos
766 3124 801 3162 ex
816 3124 882 3162 arce
896 3103 1028 3164 vocabat.

296 3194 357 3236 tum
372 3199 419 3236 me
433 3182 600 3242 confectum
616 3183 691 3243 curis
705 3204 863 3262 somnoque
878 3199 1026 3260 gravatum
1126 3209 1172 3248 sao

295 3257 399 3317 infelix
413 3260 514 3322 habuit
529 3264 679 3334 thalamus,
694 3263 854 3369 pressitque
868 3264 1011 3324 iacentem

432 3365 479 3415 495
499 3354 561 3402 videt
572 3365 602 3404 ct.
638 3369 683 3420 505
701 3357 728 3404 in
740 3357 815 3406 litore.
851 3358 897 3420 516
914 3360 988 3405 alveo.
