2568 4114
436 351 602 401 AENEIDOS
620 351 683 400 LIB.
699 351 738 401 VI
993 365 1039 400 211

176 485 294 545 tendere
308 484 364 542 iter
377 483 492 562 pinnis:
515 483 577 540 talis
592 503 649 540 sese
665 483 770 541 halitus
784 484 851 543 atria
1006 512 1044 551 240

176 565 307 624 faucibus
321 564 472 623 effundens
487 584 589 642 supera
603 563 639 622 ad
653 583 782 622 convexa
797 565 922 624 ferebat:

175 645 267 723 [unde
283 645 380 703 locum
396 645 468 703 Grai
483 645 619 704 dixerunt
633 645 751 704 nomine
765 645 911 724 Amnon]

175 740 311 804 quattuor
324 725 372 784 hic
387 725 514 804 primurn
529 725 674 802 nigrantes
689 742 766 801 terga
780 725 917 784 iuvencos

138 855 141 860 ,
175 805 335 879 constituit,
351 807 497 886 frontique
511 807 636 881 invergit
652 805 720 866 vina
735 806 862 865 sacerdos
871 831 881 877 ;

175 903 204 945 et
219 905 343 945 summas
357 907 476 966 carpens
491 887 585 952 media
599 886 674 945 inter
688 907 796 946 cornua
810 903 897 946 saetas

175 967 289 1043 ignibus
304 966 420 1044 inponit
434 967 528 1040 sacris,
544 967 682 1026 libamina
698 967 799 1045 prima,

174 1067 246 1106 voce
261 1068 367 1106 vocans
382 1048 524 1118 Hecaten,
541 1049 679 1126 caeloque
695 1049 847 1128 Ereboque
862 1062 1021 1128 potentem.

175 1145 344 1206 supponunt
358 1129 407 1186 alii
422 1129 537 1199 cultros,
554 1129 743 1206 tepidumque
758 1148 889 1187 cruorem

175 1208 341 1286 succipiunt
355 1209 469 1286 pateris.
511 1209 572 1286 ipse
587 1209 638 1268 atri
653 1209 767 1268 velleris
781 1229 882 1284 agnam

175 1291 288 1348 Aeneas
303 1289 385 1347 matri
402 1288 600 1348 Eumenidum
616 1310 794 1369 magnaeque
809 1289 895 1348 sorori
1006 1318 1045 1357 250

177 1391 243 1429 ense
259 1369 337 1440 ferit,
351 1371 536 1448 sterilemque
552 1370 613 1441 tibi,
631 1371 809 1449 Proserpina,
825 1389 951 1430 vaccam.

175 1466 238 1509 tum
253 1450 351 1527 Stygio
365 1450 425 1528 regi
441 1467 597 1510 nocturnas
612 1451 731 1511 incohat
744 1472 815 1522 aras,

176 1549 206 1590 et
219 1532 307 1590 solida
322 1531 437 1609 inponit
452 1546 600 1592 taurorum
613 1532 722 1591 viscera
735 1531 868 1602 flammis,

175 1613 284 1690 pingue
299 1633 383 1690 super
397 1613 495 1672 oleum
513 1614 636 1694 fundens
651 1613 817 1672 ardentibus
833 1613 915 1672 extis.

176 1712 244 1752 ecce
259 1709 364 1765 autem,
380 1693 465 1772 primi
481 1695 535 1762 sub
551 1694 663 1752 lumina
677 1693 744 1752 solis
758 1709 788 1752 et
801 1710 889 1764 ortus,

176 1774 229 1831 sub
242 1772 363 1851 pedibus
378 1773 488 1849 mugire
505 1775 609 1847 solum,
624 1790 653 1832 et
667 1774 732 1850 iuga
747 1790 850 1851 coepta
864 1773 973 1832 moveri

176 1854 320 1924 silvarum,
335 1853 467 1933 visaeque
484 1875 569 1912 canes
585 1854 696 1914 ululare
709 1874 761 1932 per
775 1854 917 1924 umbram,

177 1934 350 1993 adventante
365 1935 427 1993 dea.
471 1935 586 2012 ‘procul
602 1956 630 2005 o,
643 1935 744 2012 procul
759 1949 828 2005 este,
842 1932 974 2012 profani,’

177 2015 339 2074 conclamat
354 2029 439 2086 vates,
456 2020 591 2094 ‘totoque
607 2014 731 2074 absistite
746 2015 831 2075 luco:

177 2112 268 2174 tuque
283 2095 385 2154 invade
400 2095 485 2165 viam,
503 2095 662 2173 vaginaque
678 2095 755 2174 eripe
770 2095 879 2154 ferrum
888 2121 898 2167 ;
1007 2113 1045 2154 260

177 2197 257 2235 nunc
272 2176 375 2235 animis
389 2195 468 2254 opus,
485 2177 593 2247 Aenea,
611 2195 690 2234 nunc
705 2192 822 2252 pectore
837 2175 938 2236 firmo!

177 2273 290 2317 tantum
306 2257 400 2327 effata,
413 2257 510 2314 furens
527 2272 608 2315 antro
623 2277 651 2314 se
665 2256 776 2314 inmisit
790 2272 907 2334 aperto:

177 2337 227 2396 ille
242 2337 346 2397 ducem
361 2336 437 2396 haud
452 2337 559 2396 timidis
575 2337 727 2396 vadentem
741 2337 867 2415 passibus
882 2351 993 2414 aequat.

218 2417 257 2491 di,
286 2417 390 2497 quibus
419 2419 572 2497 imperium
603 2434 644 2476 est
672 2417 842 2489 animarum,
868 2417 1043 2494 umbraeque

259 2499 384 2570 silentes,

178 2596 208 2638 et
223 2580 327 2651 Chaos,
343 2595 372 2638 et
387 2579 577 2656 Phlegethon,
593 2581 656 2639 loca
671 2595 756 2638 nocte
771 2577 896 2638 tacentia
909 2578 975 2648 late,

177 2661 215 2718 sit
229 2660 300 2719 mihi
315 2661 357 2718 fas
371 2661 468 2720 audita
481 2662 581 2741 loqui;
601 2661 637 2720 sit
652 2661 773 2719 numine
786 2676 881 2718 vestro

176 2742 303 2819 pandere
318 2762 361 2800 res
375 2743 432 2800 alta
446 2758 519 2802 terra
534 2759 563 2801 et
578 2742 700 2818 caligine
714 2761 827 2800 mersas.

219 2821 300 2882 ibant
314 2823 426 2882 obscuri
442 2823 500 2881 sola
514 2823 566 2881 sub
581 2838 667 2880 nocte
682 2843 731 2899 per
746 2821 885 2892 umbram,

176 2922 286 2981 perque
301 2904 399 2962 domos
412 2902 490 2962 Ditis
505 2923 607 2962 vacuas
623 2919 652 2960 et
666 2901 762 2960 inania
776 2921 879 2976 regna:

178 2984 264 3061 quale
278 3005 329 3062 per
343 2984 483 3042 incertam
498 2985 597 3041 lunam
612 2984 664 3040 sub
680 2983 745 3041 luce
760 2981 884 3058 maligna
1008 3011 1047 3050 270

178 3079 220 3122 est
234 3063 289 3123 iter
302 3063 332 3123 in
347 3065 434 3136 silvis,
450 3064 499 3122 ubi
515 3063 629 3122 caelum
644 3061 775 3120 condidit
789 3063 890 3120 umbra

179 3144 318 3220 Iuppiter,
334 3163 363 3204 et
377 3146 460 3204 rebus
476 3163 533 3202 nor
548 3143 664 3202 abstulit
679 3160 737 3202 atra
753 3143 888 3203 colorem.

178 3224 355 3283 vestibulum
370 3242 436 3284 ante
451 3225 546 3302 ipsum
560 3223 716 3301 primisque
727 3224 761 3282 'in
777 3223 908 3283 faucibus
923 3222 995 3284 Orci

179 3304 289 3363 Luctus
304 3321 333 3364 et
348 3305 463 3364 ultrices
477 3325 597 3384 posuere
611 3303 718 3363 cubilia
733 3303 836 3374 Curae,

322 3413 460 3460 241auper.
494 3409 542 3460 254
559 3412 676 3459 superque.
710 3411 757 3460 273
777 3397 863 3460 primis.
