2568 4114
409 365 575 414 AENElDOS
593 365 656 413 LIB.
673 365 737 413 Vlll

166 497 344 559 coniunxere
361 496 423 570 tibi,
439 513 468 556 et
481 497 547 555 fatis
563 517 646 574 egere
660 497 820 557 volentem.

164 579 328 652 Dardanus,
343 579 450 637 Iliacae
464 577 573 656 primus
586 593 669 656 pater
683 578 759 636 urbis
775 592 928 652 etauctor,

165 661 292 731 Electra,
308 674 340 718 ut
355 659 427 718 Grai
440 659 608 738 perhibent,
622 659 773 718 Atlantide
789 675 892 733 cretus,

165 740 319 804 advehitur
333 741 483 810 Teucros;
504 739 650 799 Electram
665 739 807 799 maximus
819 741 902 799 Atlas

166 821 267 893 edidit,
283 820 424 880 aetherios
439 841 539 879 umero
553 820 603 900 qui
619 821 740 879 sustinet
754 821 847 880 orbes.

163 902 246 962 vobis
262 902 426 960 Mercurius
440 918 524 980 pater
538 917 589 974 est,
605 920 692 979 quem
706 901 831 960 candida
847 902 928 961 Maia

165 982 309 1060 Cyllenae
323 983 419 1058 gelido
434 998 611 1060 conceptum
625 982 734 1042 vertice
748 983 845 1054 fudit3

164 1078 194 1122 at
209 1063 331 1136 Maiam,
347 1063 450 1122 auditis
465 1063 488 1123 si
503 1062 659 1142 quicquam
674 1062 827 1135 credimus,
841 1063 934 1136 Atlas,
996 1092 1032 1134 140

163 1143 242 1203 idem
255 1144 339 1203 Atlas
352 1159 480 1220 generat,
496 1144 570 1202 caeli
585 1144 635 1223 qui
650 1145 742 1202 sidera
758 1143 844 1202 tollit.

164 1224 203 1284 sic
217 1245 309 1300 genus
323 1225 473 1284 amborum
488 1224 596 1282 scindit
610 1245 641 1284 se
655 1223 794 1300 sanguine
808 1225 844 1282 ab
860 1245 929 1284 uno.

162 1306 207 1365 his
222 1306 312 1364 fretus
327 1325 386 1363 non
401 1305 509 1380 legatos
524 1325 620 1383 neque
634 1305 726 1383 prima
740 1325 793 1384 per
807 1321 899 1363 artem

164 1400 375 1464 temptamenta
390 1384 433 1444 tui
447 1385 565 1464 pepigi;
586 1406 642 1458 me,
658 1407 705 1444 me
720 1385 781 1463 ipse
796 1405 952 1464 meumque

162 1465 256 1526 obieci
272 1481 359 1544 caput
375 1481 405 1525 et
418 1466 540 1544 supplex
554 1467 590 1524 ad
606 1467 708 1524 limina
722 1467 800 1525 veni.

162 1568 232 1623 gens
247 1546 357 1620 eadem,
373 1567 448 1638 quae
462 1563 500 1618 te,
516 1547 627 1606 crudeli
641 1547 759 1605 Daunia
773 1547 853 1606 bello

162 1627 342 1706 insequitur;
364 1648 414 1686 nos
430 1627 452 1685 si
466 1628 588 1705 pellant,
604 1627 678 1686 nihil
695 1628 794 1686 abfore
809 1629 933 1687 credunt

162 1709 234 1788 quin
248 1729 366 1767 omnem
378 1708 550 1787 Hesperiam
564 1708 680 1786 penitus
695 1729 744 1766 sua
758 1709 810 1767 sub
824 1709 889 1784 iuga
900 1709 1029 1782 mittant,

163 1805 192 1849 et
206 1809 295 1861 mare,
310 1789 388 1868 quod
403 1810 496 1868 supra,
512 1804 642 1861 teneant,
658 1789 794 1867 quodque
808 1789 900 1848 adluit
913 1789 998 1850 infra.

163 1869 262 1948 accipe
277 1870 371 1948 daque
385 1868 492 1928 fidem:
514 1882 581 1926 sunt
596 1869 680 1926 nobis
694 1868 780 1926 fortia
795 1867 875 1926 bello
993 1898 1031 1938 150

162 1965 288 2030 pectora,
303 1964 371 2008 sunt
385 1949 475 2008 animi
491 1965 520 2008 et
535 1949 620 2008 rebus
635 1964 762 2027 spectata
776 1949 930 2008 iuventus!

203 2031 315 2089 dixerat
329 2032 453 2090 Aeneas.
495 2030 546 2089 ille
561 2053 591 2088 os
606 2030 763 2108 oculosque
778 2030 924 2108 loquentis

161 2111 332 2172 iamdudum
348 2126 378 2171 et
392 2127 485 2170 totum
500 2112 640 2171 lustrabat
654 2109 766 2169 lumine
781 2131 894 2188 corpus.

162 2208 225 2253 tum
240 2192 280 2250 sic
295 2212 387 2270 pauca
403 2193 511 2253 refert:
534 2197 583 2250 ‘ut
598 2208 635 2265 te,
651 2191 806 2250 fortissime
821 2190 981 2264 Teucrum,

161 2273 274 2352 accipio
290 2273 492 2352 adgnoscoque
507 2272 617 2332 libens!
641 2288 673 2332 ut
687 2272 774 2330 verba
787 2272 914 2349 parentis

162 2370 192 2413 et
205 2375 308 2412 vocem
321 2354 467 2412 Anchisae
482 2353 579 2429 magni
595 2353 767 2430 vultumque
781 2353 933 2412 recordor!

161 2455 230 2493 nam
244 2435 365 2493 memini
381 2434 529 2493 Hesionae
544 2433 687 2492 visentem
702 2453 789 2510 regna
804 2433 906 2491 sororis

161 2515 434 2575 Laomedontiaden
451 2515 607 2587 Priamum,
624 2514 769 2573 Salamina
783 2529 944 2592 petentem,

160 2595 293 2675 protinus
306 2595 448 2654 Arcadiae
463 2595 574 2671 gelidos
589 2595 713 2654 invisere
727 2594 809 2655 fines.

160 2691 223 2734 tum
238 2675 310 2734 mihi
324 2677 416 2756 prima
431 2697 517 2752 genas
532 2676 657 2734 vestibat
671 2674 741 2734 flore
755 2676 895 2749 iuventas,
992 2695 1029 2736 160

160 2757 341 2836 mirabarque
356 2758 443 2816 duces
459 2757 600 2826 Teucros,
616 2756 741 2815 mirabar
756 2772 785 2816 et
799 2757 894 2834 ipsum

160 2837 451 2907 Laomedontiaden;
472 2837 522 2894 sed
538 2836 650 2912 cunctis
665 2837 750 2895 altior
763 2838 823 2896 ibat

159 2917 311 2978 Anchises.
353 2919 425 2978 mihi
440 2938 523 2976 mens
538 2916 666 2975 iuvenali
682 2918 802 2976 ardebat
816 2938 912 2977 amore

160 3000 337 3077 compellare
351 2999 455 3071 virum,
472 3014 501 3056 et
516 2997 633 3056 dextrae
650 2997 826 3073 coniungere
840 2999 990 3060 dextram:

160 3079 276 3152 accessi,
294 3096 322 3140 et
337 3080 459 3158 cupidus
477 3079 588 3137 Phenei
604 3079 656 3137 rub
671 3077 787 3138 moenia
802 3078 882 3138 duxi.

160 3160 212 3220 ille
227 3160 299 3220 mihi
314 3161 459 3238 insignem
473 3161 639 3238 pharetram
654 3160 817 3239 Lyciasque
832 3161 944 3237 sagittas

160 3240 312 3301 discedens
327 3242 570 3319 chlamydemque
585 3260 654 3302 auro
667 3239 750 3300 dedit
765 3239 962 3316 intertextam,

160 3322 301 3408 frenaque
316 3322 384 3382 bina
398 3343 479 3382 meur
494 3343 567 3400 quae
582 3342 661 3383 nunc
676 3322 765 3382 habet
780 3345 864 3384 aurea
881 3324 982 3383 Pallas.

253 3436 299 3482 140
316 3422 414 3472 creditis.
484 3436 528 3484 147
546 3422 630 3472 adfore.
700 3422 743 3484 167
760 3423 894 3472 intertexto.

566 3507 579 3544 s
