2556 4116
535 385 563 434 P.
579 385 722 434 VERGILI
740 385 897 434 MARONIS

301 517 447 592 cogendae
461 515 492 574 in
508 516 621 574 sulcum
636 536 667 575 ae
684 517 775 576 multa
789 519 922 592 mercede
937 519 1107 580 domandae.

301 598 349 656 sed
364 596 472 655 truncis
487 598 567 655 oleae
582 597 695 668 melius,
710 599 865 676 propagine
880 599 952 658 vites

299 678 482 756 respondent,
499 679 588 736 solido
605 679 729 755 Paphiae
745 679 780 737 de
795 680 895 738 robore
909 697 1019 758 myrtus
1032 707 1042 752 ;

299 759 404 835 plantis
420 773 448 817 et
463 759 549 816 durae
565 759 654 836 coryli
670 775 827 819 nascuntur
842 777 870 818 et
885 760 987 838 ingens

300 840 425 897 fraxinus
440 840 661 918 Herculeaeque
676 840 756 898 arbos
771 842 903 900 umbrosa
917 863 1037 902 coronae

300 920 482 999 Chaoniique
499 921 587 978 Patris
603 921 743 997 glandes;
765 922 852 980 etiam
867 924 953 982 ardua
965 925 1060 1001 palma

299 1001 425 1060 nascitur
439 1017 468 1058 et
483 1021 561 1059 casus
576 1001 653 1059 abies
668 1001 760 1060 visura
775 1003 906 1062 marinos.

299 1082 433 1141 inseritur
447 1103 514 1140 vero
529 1098 557 1140 et
572 1083 633 1141 fetu
649 1083 731 1142 nucis
746 1085 861 1142 arbutus
875 1085 998 1156 horrida,

299 1179 328 1220 et
342 1163 450 1221 steriles
465 1163 574 1240 platani
590 1164 679 1222 malos
693 1184 802 1239 gessere
817 1165 965 1236 valentes3
1142 1199 1168 1236 70
1259 1225 1260 1230 ,

299 1259 446 1302 castaneae
462 1244 551 1320 fagus,
566 1265 710 1323 ornusque
725 1245 857 1304 incanuit
871 1248 936 1305 albo

299 1323 377 1382 flore·
382 1324 448 1400 piri,
462 1325 654 1404 glandemque
670 1347 732 1384 sues
747 1327 855 1402 fregere
871 1328 923 1385 sub
939 1328 1033 1388 ulmis.

340 1425 394 1462 nec
410 1405 511 1464 modus
526 1405 650 1464 inserere
666 1422 750 1486 atque
766 1408 863 1466 oculos
878 1408 1017 1487 inponere
1033 1410 1166 1488 siinplex.

298 1505 365 1543 narn
381 1506 435 1562 qua
450 1506 478 1544 se
494 1485 588 1544 medio
604 1487 724 1546 trudunt
738 1487 774 1546 de
789 1489 895 1546 cortice
909 1508 1039 1563 gemmae

299 1582 328 1625 et
343 1581 442 1624 tenues
459 1583 599 1646 rumpunt
614 1567 732 1639 tunicas,
749 1585 882 1645 angustus
897 1569 927 1627 in
943 1569 1004 1648 ipso

298 1647 331 1704 fit
345 1647 421 1705 nodo
436 1647 535 1716 sinus3
555 1650 614 1706 huc
630 1649 722 1707 aliena
737 1671 772 1708 ex
787 1650 884 1708 arbore
898 1670 1015 1726 germen

298 1728 454 1788 includunt
469 1729 583 1807 udoque
598 1729 706 1788 docent
719 1730 876 1788 inolescere
890 1730 962 1788 libro
976 1753 983 1789 ε

298 1826 347 1868 aut
361 1831 473 1870 rursum
489 1811 592 1868 enodes
607 1811 703 1869 trunci
718 1826 891 1882 resecantur,
906 1824 935 1869 et
950 1813 1006 1870 alte

298 1890 417 1949 finditur
431 1891 462 1949 in
478 1891 601 1951 solidum
616 1892 715 1950 cuneis
729 1893 782 1964 via,
798 1892 903 1951 deinde
917 1893 1023 1950 feraces

298 1973 412 2047 plantae
426 1971 636 2044 inmittuntur;
658 1993 712 2031 nec
728 1973 847 2049 longum
862 1989 985 2051 tempus,
999 1987 1028 2032 et
1043 1973 1144 2049 ingens

299 2051 369 2110 exiit
383 2050 418 2109 ad
432 2051 546 2110 caelum
560 2053 644 2111 ramis
661 2053 793 2112 felicibus
808 2053 888 2113 arbos
1140 2073 1165 2113 s:

298 2131 472 2210 miraturque
488 2152 574 2190 novas
588 2132 703 2193 frondes
719 2150 748 2193 et
762 2156 821 2193 non
838 2157 887 2194 sua
901 2157 995 2214 poma.

338 2228 482 2290 praeterea
495 2233 584 2288 genus
602 2216 679 2274 haud
694 2237 785 2274 unum
800 2237 855 2275 nec
871 2217 990 2276 fortibus
1005 2217 1090 2276 ulmis

298 2313 352 2352 nec
367 2292 445 2352 salici
461 2294 576 2373 lotoque
591 2317 686 2375 neque
701 2297 792 2355 Idaeis
809 2298 962 2374 cyparissis,

298 2394 351 2432 nec
366 2373 487 2452 pingues
502 2397 589 2436 unam
605 2378 636 2435 in
651 2377 754 2435 faciem
769 2395 926 2436 nascuntur
939 2377 1041 2450 olivae,

297 2455 432 2513 orchades
447 2473 475 2514 et
490 2458 560 2515 radii
575 2474 603 2516 er
618 2479 709 2516 amara
722 2457 819 2536 pausia
834 2457 911 2530 baca,

297 2556 438 2614 pomaque
454 2552 483 2595 et
497 2538 615 2595 Alcinoi
630 2538 725 2607 silvae,
742 2557 795 2594 nec
812 2538 941 2595 surculus
955 2537 1033 2596 idern

298 2617 468 2676 Crustumiis
485 2618 627 2696 Syriisque
640 2616 709 2695 piris
722 2617 910 2696 gravibusque
925 2617 1054 2679 volemis.

297 2717 356 2754 non
372 2697 471 2758 eadem
487 2697 632 2756 arboribus
647 2697 754 2774 pendet
767 2698 914 2757 vindemia
928 2701 1041 2772 nostris,

297 2798 382 2855 quam
398 2779 609 2856 Methymnaeo
624 2778 715 2856 carpit
730 2779 765 2838 de
779 2779 899 2858 palmite
914 2780 1020 2839 Lesbos
1033 2807 1043 2852 ;

297 2873 363 2916 sunt
377 2859 501 2918 Thasiae
515 2859 596 2932 vites,
612 2875 677 2918 sunt
693 2877 721 2918 et
737 2860 913 2919 Mareotides
928 2860 1016 2932 albae,

296 2938 449 3015 pinguibus
463 2942 517 2999 hae
532 2941 613 2999 terris
627 2941 746 3014 habiles,
762 2941 915 3000 levioribus
930 2943 1005 3014 illae,

297 3033 325 3076 et
339 3041 419 3096 passo
434 3021 543 3080 Psithia
557 3021 655 3081 utilior
671 3021 823 3101 tenuisque
837 3023 945 3098 Lageos

297 3114 469 3176 temptatura
483 3103 569 3180 pedes
584 3103 655 3162 olim
668 3103 857 3182 vincturaque
873 3103 1010 3180 linguam,

297 3201 456 3258 purpureae
471 3183 650 3263 preciaeque,
667 3200 695 3242 et
711 3199 810 3262 quote
826 3185 952 3242 carmine
967 3185 1071 3256 dicam,

229 3315 235 3328 ,
297 3261 457 3320 Rhaetica?
498 3283 553 3323 nec
568 3266 648 3324 cellis
663 3265 728 3324 ideo
742 3265 885 3323 contende
901 3265 1038 3324 Falernis.

296 3357 362 3400 sunt
376 3359 405 3402 et
418 3343 559 3402 Amineae
574 3346 654 3416 vites,
669 3346 827 3404 firmissima
842 3345 918 3416 vina,

431 3451 460 3498 71
480 3439 551 3498 fagos.
619 3437 649 3485 82
667 3438 836 3502 miratastque3
852 3439 999 3501 miratasque.
