2562 4114
269 379 315 427 322
540 366 567 412 P.
584 363 726 412 VERGILI
744 365 901 413 MARONIS

307 493 462 554 debueram
476 495 585 574 patriae
599 515 705 574 poenas
719 495 846 574 odiisque
861 515 1008 556 meorum:

306 596 407 635 omnes
420 598 472 656 per
486 591 591 636 mortes
606 576 731 636 animam
745 590 858 635 sontem
871 576 930 654 ipse
945 578 1098 639 dedissem.

306 678 386 716 nunc
402 657 479 730 vivo,
492 678 588 736 neque
599 659 693 716 adhuc
708 658 839 716 homines
854 657 1008 736 lucemque
1019 659 1178 739 relinquo:
1272 697 1273 738 3

306 739 356 798 sed
370 739 519 817 linquam?
562 739 646 796 simul
661 741 716 797 hoc
732 739 830 798 dicens
844 738 949 798 attollit
963 739 993 798 in
1009 761 1129 816 aegrum

305 841 334 878 se
350 820 453 891 femur,
468 835 506 891 et,
520 839 694 898 quamquam
708 819 750 878 vis
764 820 823 878 alto
836 820 955 878 vulnere
969 822 1071 892 tardat,

305 901 382 959 haud
396 901 524 960 deiectus
538 921 646 979 equum
661 901 728 959 duci
743 900 833 960 iubet.
873 903 928 958 hoc
944 901 1033 960 decus
1047 903 1105 974 illi,

305 983 360 1039 hoc
376 982 502 1040 solamen
518 997 598 1051 erat;
619 981 700 1040 bellis
715 983 770 1039 hoc
784 981 877 1040 victor
890 981 984 1040 abibat

306 1063 449 1121 omnibus.
491 1063 655 1141 adloquitur
669 1077 854 1133 maerentem,
869 1078 898 1122 et
912 1063 1014 1122 talibus
1029 1064 1116 1124 infit:
1139 1083 1178 1124 8⁶0
1272 1079 1273 1084 ’

286 1143 432 1215 ‘Rhaebe,
448 1143 508 1215 diu,
522 1164 565 1201 res
580 1143 603 1200 si
618 1142 737 1222 quadiu
752 1143 916 1202 mortalibus
931 1144 990 1200 ulla
1003 1159 1056 1216 est,

305 1223 439 1284 viximus.
481 1240 530 1283 aut
543 1225 628 1282 hodie
643 1224 734 1282 victor
748 1223 836 1302 spolia
850 1223 899 1282 illa
914 1240 1032 1282 cruenta

305 1319 334 1362 et
350 1321 436 1382 caput
450 1307 567 1364 Aeneae
581 1307 695 1378 referes,
710 1305 852 1383 Lausique
867 1305 997 1362 dolorum

306 1385 382 1443 ultor
395 1386 449 1444 eris
464 1403 591 1457 mecum,
605 1402 664 1458 aut,
678 1386 768 1464 aperit
782 1385 804 1444 si
820 1386 899 1444 nulla
914 1386 988 1444 viam
1002 1386 1054 1456 vis,

304 1466 458 1524 occumbes
472 1467 587 1544 pariter.
629 1487 723 1546 neque
739 1467 828 1538 enim,
841 1463 1003 1537 fortissime,
1017 1467 1117 1538 credo,

304 1546 376 1604 iussa
390 1546 483 1604 aliena
497 1547 555 1623 pati
571 1563 599 1605 et
614 1548 745 1606 dominos
760 1547 913 1624 dignabere
927 1546 1078 1607 Teucros?
1119 1558 1122 1574 ¹

303 1626 384 1698 dixit,
400 1642 429 1684 et
443 1644 580 1704 exceptus
596 1644 676 1704 tergo
691 1644 826 1688 consueta
840 1627 944 1686 locavit

303 1707 441 1779 membra,
456 1728 613 1787 manusque
629 1710 724 1767 ambas
738 1709 837 1768 iaculis
851 1709 978 1768 oneravit
993 1710 1097 1780 acutis,

303 1809 366 1849 aere
381 1804 467 1866 caput
481 1789 604 1864 fulgens,
620 1790 761 1869 cristaque
776 1789 898 1848 hirsutus
912 1789 1025 1869 equina.

304 1869 343 1927 sic
356 1889 471 1928 cursum
483 1870 512 1928 in
525 1871 633 1928 medios
644 1871 757 1948 rapidus
768 1869 856 1929 dedit.
898 1885 1005 1928 aestuat
1016 1870 1122 1948 ingens
1137 1889 1176 1940 870

304 1970 362 2008 uno
376 1950 406 2008 in
423 1951 507 2009 corde
521 1951 615 2028 pudor
629 1952 777 2029 mixtoque
792 1951 900 2009 insania
914 1952 1005 2021 luctu,

302 2030 346 2108 [et
360 2031 440 2089 furiis
456 2031 576 2107 agitatus
590 2052 679 2102 amor,
693 2048 723 2091 et
737 2031 852 2090 conscia
865 2031 976 2107 virtus]

302 2126 389 2189 atque
403 2111 450 2169 hic
466 2113 586 2170 Aenean
603 2133 704 2188 magna
719 2128 763 2170 ter
777 2132 848 2170 voce
863 2112 984 2170 vocavit.

301 2193 413 2250 Aeneas
428 2192 564 2268 adgnovit
579 2193 668 2264 enim,
683 2194 830 2271 laetusque
844 2206 996 2270 precatur:

282 2269 340 2330 ‘sic
355 2287 437 2348 pater
451 2271 501 2332 ille
517 2273 604 2332 deum
619 2273 712 2344 faciat,
729 2273 768 2332 sic
783 2274 856 2333 altus
869 2273 992 2351 Apollo!

301 2351 423 2430 incipias
438 2355 569 2412 conferre
585 2354 723 2412 manum.’

300 2448 413 2492 tantum
428 2435 539 2504 effatus,
555 2451 584 2494 et
598 2435 701 2493 infesta
716 2434 792 2493 subit
807 2434 907 2494 obvius
920 2437 1007 2493 hasta.

300 2513 350 2572 ille
365 2531 461 2573 autem
476 2537 482 2573 :
505 2515 594 2594 ‘quid
607 2535 655 2574 me
670 2530 775 2592 erepto,
792 2516 962 2586 saevissime,
976 2531 1044 2574 nato

300 2601 409 2656 terres?
451 2597 520 2654 haec
535 2596 581 2654 via
595 2596 653 2654 sola
668 2596 731 2666 fuit,
748 2617 805 2674 qua
818 2597 937 2673 perdere
951 2617 1054 2672 posses.

299 2695 353 2734 nec
370 2692 491 2736 mortem
506 2679 663 2747 horremus,
678 2697 731 2734 nec
747 2677 845 2735 divom
860 2677 1001 2754 parcimus
1016 2677 1082 2736 ulli.
1136 2696 1176 2736 sao

298 2756 396 2815 desine
411 2779 417 2815 ε
440 2777 506 2815 nam
521 2757 606 2816 venio
621 2757 785 2828 moriturus,
800 2774 829 2816 et
843 2759 914 2816 haec
929 2757 980 2815 tibi
996 2772 1080 2834 porto

299 2837 373 2895 dona
386 2835 482 2915 prius.²
524 2838 607 2908 dixit,
622 2839 772 2917 telumque
787 2837 899 2897 intorsit
913 2837 943 2894 in
958 2839 1071 2896 hostem
1084 2864 1094 2908 3

299 2915 365 2975 inde
381 2917 458 2975 aliud
474 2937 557 2994 super
572 2934 659 2996 atque
673 2919 753 2976 aliud
768 2919 886 2997 ligitque
899 2919 1034 2996 volatque

298 2995 408 3070 ingenti
424 3017 492 3076 gyro
505 3024 514 3069 ;
536 3000 585 3058 sed
600 2999 721 3057 sustinet
736 3020 836 3058 aureus
852 3000 948 3058 umbo.

299 3091 341 3132 ter
356 3077 467 3137 circum
482 3080 641 3137 adstantem
657 3080 751 3139 laevos
766 3080 905 3158 equitavit
919 3080 950 3137 in
965 3079 1058 3150 orbes,

298 3157 356 3212 tela
371 3177 457 3216 manu
473 3159 579 3218 iaciens
593 3184 602 3230 3
624 3175 667 3218 ter
682 3180 779 3218 secum
794 3160 903 3220 Troius
916 3163 998 3219 heros

299 3235 447 3295 inmanem
463 3255 556 3298 aerato
570 3240 737 3299 circumfert
752 3240 879 3316 tegmine
895 3242 1005 3300 silvam.

299 3315 367 3374 inde
384 3316 431 3374 ubi
448 3333 490 3376 tot
504 3321 619 3378 traxisse
634 3340 732 3392 moras,
749 3335 792 3379 tot
807 3321 916 3398 spicula
931 3322 1024 3380 taedet

503 3411 550 3474 857
568 3417 651 3464 tardet.
727 3414 773 3477 883
791 3415 903 3477 fugitque.
