2562 4114
405 377 571 427 Aruernos
588 377 651 428 nn.
668 378 707 426 ix
962 391 1008 442 ιρι

143 530 181 570 en
196 509 246 590 qui
262 525 357 568 nostra
370 508 423 568 sibi
438 508 517 568 bello
531 507 656 569 conubia
669 510 814 587 poscunt!
973 530 1011 570 ⁶00

143 591 207 672 quis
221 591 292 650 deus
306 589 430 662 Italiam,
444 609 519 667 quae
533 609 583 648 vos
597 590 745 649 dementia
760 591 879 667 adegit?

144 692 204 731 non
218 671 266 730 hic
281 670 400 729 Atridae
415 689 470 729 nec
485 670 566 729 fandi
582 671 665 730 fictor
680 671 806 730 Ulixes:

143 753 249 812 durum
264 751 299 812 ab
313 751 400 830 stirpe
414 771 505 828 genua
519 766 601 811 natos
616 752 653 810 ad
666 751 786 811 llumina
801 752 928 830 primum

142 821 300 893 d'eferimus
314 852 457 911 saevoque
470 834 537 909 gelu
551 831 688 892 duramus
703 847 733 892 et
748 832 833 892 undis
845 855 855 901 ς

142 929 249 973 venatu
264 913 418 989 invigilant
431 913 514 992 pueri
528 913 669 992 silvasque
685 914 805 991 fatigant
817 937 827 984 ς

143 994 260 1054 flectere
275 994 360 1054 ludus
375 1013 464 1074 equos
479 1011 509 1054 et
523 994 634 1072 spicula
648 994 768 1054 tendere
779 1015 880 1054 cornu.

142 1091 172 1135 at
184 1075 298 1154 patiens
311 1095 434 1154 operum
448 1095 593 1154 parvoque
608 1076 727 1136 adsueta
740 1074 875 1134 iuventus

143 1171 193 1216 aut
207 1156 302 1216 rastris
317 1171 422 1216 terram
437 1157 535 1215 domat
549 1171 600 1215 aut
614 1155 707 1235 quatit
720 1155 826 1234 oppida
841 1154 927 1214 bello.

143 1258 231 1296 omne
246 1256 349 1296 aevum
363 1237 440 1295 ferro
454 1236 565 1310 teritur,
580 1256 717 1316 versaque
732 1236 888 1296 iuvencum
1090 1310 1092 1316 Ι

73 1375 75 1379 .
143 1332 221 1394 terga
236 1317 386 1393 fatigamus
401 1318 481 1376 hasta
494 1341 504 1386 ς
525 1337 580 1376 nec
596 1318 676 1377 tarda
690 1333 823 1377 senectus
972 1334 1011 1375 ⁶10

142 1398 277 1457 debilitat
290 1398 363 1456 vires
378 1398 468 1457 animi
482 1413 634 1477 mutatque
647 1399 776 1475 vigorem
789 1421 796 1457 ε

143 1479 282 1539 canitiem
296 1480 376 1556 galea
389 1479 557 1557 premimus,
573 1499 743 1558 semperque
757 1493 888 1539 recentes

142 1575 323 1638 comportare
338 1559 417 1619 iuvat
430 1561 550 1638 praedas
565 1574 595 1620 et
608 1559 706 1620 vivere
721 1575 813 1638 rapto.

143 1640 222 1700 vobis
236 1641 314 1718 picta
328 1661 415 1700 croco
428 1655 459 1700 et
473 1640 599 1717 fulgenti
614 1639 725 1701 murice
739 1641 825 1701 vestis
837 1664 847 1711 ς

143 1721 269 1781 desidiae
284 1721 364 1782 cordi
378 1746 387 1794 ς
409 1722 490 1781 iuvat
504 1723 657 1799 indulgere
673 1722 806 1790 choreis3

143 1818 173 1862 et
187 1803 304 1862 tunicae
319 1803 444 1863 manicas
460 1819 489 1862 et
503 1805 612 1863 habent
627 1803 798 1862 redimicula
812 1802 925 1861 mitrae.

143 1903 240 1943 overe
256 1884 404 1962 Phrygiae,
420 1905 515 1962 neque
531 1884 610 1942 enim
626 1884 760 1959 Phryges,
774 1882 815 1940 ite
829 1882 953 1959 peralta

143 1964 302 2043 Dindyma,
319 1965 369 2023 ubi
383 1964 507 2023 adsuetis
523 1963 648 2022 biforem
663 1963 712 2021 dat
726 1963 796 2021 tibia
811 1977 939 2022 cantum.

143 2061 280 2124 tympana
293 2065 342 2103 vos
357 2044 507 2123 buxusque
522 2058 605 2112 vocat
621 2043 795 2120 Berecyntia
811 2041 917 2102 Matris

143 2126 268 2186 Idaeae:
289 2125 376 2184 sinite
390 2145 468 2184 arma
482 2124 550 2183 viris
565 2140 595 2183 et
611 2125 706 2183 cedite
721 2124 816 2184 ferro!
972 2141 1011 2182 σω

184 2206 253 2265 talia
266 2205 423 2265 iactantem
437 2205 523 2264 dictis
538 2226 571 2264 ac
586 2205 649 2263 dira
664 2221 819 2264 canentem

143 2307 203 2346 non
219 2286 287 2346 tulit
301 2286 450 2358 Ascanius,
467 2306 614 2367 nervoque
630 2286 764 2345 obversus
779 2284 887 2364 equino

142 2367 272 2427 intendit
287 2367 380 2426 telum
395 2367 563 2446 diversaque
578 2367 712 2426 bracchia
725 2367 834 2426 ducens

143 2449 285 2521 constitit,
299 2464 368 2508 ante
382 2450 482 2508 Iovem
497 2450 618 2527 supplex
634 2468 686 2526 per
699 2463 766 2506 vota
779 2461 913 2525 precatus
925 2467 934 2507 t

120 2530 273 2608 ‘Iuppiter
286 2530 479 2608 omnipotens,
495 2529 651 2590 audacibus
665 2529 760 2588 adnue
776 2526 885 2606 coeptis
901 2549 909 2586 :

142 2610 204 2689 ipse
218 2611 271 2670 tibi
283 2611 320 2669 ad
335 2626 385 2670 tua
400 2611 509 2689 templa
525 2611 615 2669 feram
631 2610 782 2669 sollemnia
797 2609 873 2667 dona

142 2707 172 2750 et
186 2707 306 2751 statuam
320 2707 387 2751 ante
402 2713 459 2750 aras
474 2707 570 2751 aurata
584 2692 678 2750 fronte
693 2691 850 2750 iuvencum

142 2771 315 2832 candentem
329 2773 491 2853 pariterque
505 2788 593 2852 caput
607 2793 674 2832 cum
689 2788 777 2832 matre
792 2772 943 2840 ferentem,

143 2852 200 2912 iam
215 2873 305 2913 cornu
320 2869 399 2932 petat
413 2871 442 2914 et
456 2855 576 2933 pedibus
591 2855 640 2932 qui
657 2867 767 2931 spargat
780 2850 935 2911 harenam?

142 2933 234 2993 audiit
248 2950 278 2994 et
291 2936 364 2996 caeli
379 2936 507 2995 Genitor
521 2936 557 2994 de
571 2951 649 3012 parte
665 2954 764 2993 serena
970 2947 1011 3004 ⁶³⁰

142 3013 272 3076 intonuit
286 3015 422 3089 laevum,
444 3031 526 3076 sonat
539 3037 597 3075 una
612 3016 709 3075 fatifer
723 3035 813 3074 arcus.

142 3096 244 3172 effugit
258 3097 436 3157 horrendum
450 3097 572 3157 stridens
587 3097 711 3156 adducta
726 3095 829 3171 sagitta

141 3197 252 3257 perque
268 3193 357 3257 caput
371 3175 488 3237 Remuli
502 3178 584 3236 venit
597 3192 627 3237 et
641 3197 711 3236 cava
726 3191 855 3254 tempora
869 3177 945 3234 ferro

141 3257 283 3334 transigit.
324 3263 335 3291 ‘
343 3257 363 3330 i,
378 3257 471 3318 verbis
484 3259 624 3318 virtutem
638 3257 740 3317 inlude
756 3255 883 3335 superbia
891 3279 901 3324 ς

141 3338 184 3398 bis
199 3337 277 3418 capti
293 3337 416 3417 Phryges
430 3341 501 3399 haec
518 3339 634 3399 Rutulis
649 3357 781 3416 responsa
795 3333 968 3398 remittunt.²

369 3433 416 3496 632
433 3441 457 3481 et
468 3433 534 3494 fugit.
601 3431 649 3494 634
665 3431 749 3480 traicit.
