2558 4112
529 355 557 404 P.
574 353 719 402 VERGILI
736 354 893 402 MARONIS

293 501 342 546 aut
358 500 436 544 tecto
450 484 584 544 adsuetus
600 483 719 543 coluber
734 484 887 544 succedere
902 499 932 543 et
946 485 1075 558 umbrae,

292 565 380 647 pestis
394 565 495 625 acerba
509 565 608 637 boum,
623 564 780 643 pecorique
794 565 959 643 adspergere
973 565 1060 638 virus,

293 647 366 706 fovit
379 649 513 705 humum.
556 666 626 723 cape
641 667 706 704 sara
722 665 822 716 manu,
835 665 906 724 cape
920 647 1030 718 robora,
1045 662 1148 725 pastor,

292 728 504 806 tollentemque
519 726 610 786 minas
626 742 656 784 et
670 726 753 786 sibila
768 727 844 785 colla
858 742 1023 786 tumentem
1125 759 1161 798 421

293 809 384 868 deice.
425 808 543 887 iamque
556 809 624 883 fuga
640 807 778 866 timidum
794 823 881 886 caput
896 807 1007 867 abdidit
1020 809 1088 881 alte,

293 910 361 949 curu
375 889 465 948 medii
481 909 572 947 nexus
587 903 792 966 extremaeque
808 887 921 964 agmina
935 889 1042 948 caudae

293 971 452 1044 solvuntur,
468 969 619 1048 tardosque
635 969 723 1028 trahit
738 969 817 1028 sinus
832 969 952 1028 ultimus
966 970 1057 1029 orbes.

294 1067 336 1111 est
350 1051 437 1111 etiam
453 1051 504 1110 ille
518 1051 612 1109 malus
627 1049 758 1109 Calabris
773 1049 805 1107 in
821 1049 941 1108 saltibus
955 1051 1066 1128 anguis,

293 1151 429 1211 squamea
443 1133 621 1191 convolvens
635 1131 749 1190 sublato
765 1145 881 1208 pectore
896 1145 973 1208 terga

293 1229 379 1291 atque
394 1213 470 1272 notis
486 1214 602 1287 longam
617 1212 781 1272 maculosus
796 1211 951 1288 grandibus
965 1213 1071 1284 alvum,

218 1341 222 1348 .
294 1293 353 1372 qui,
369 1293 439 1351 dum
454 1313 553 1352 amnes
568 1294 621 1352 ulli
637 1307 815 1371 rumpuntur
829 1292 958 1352 fontibus
973 1308 1001 1352 et
1015 1293 1085 1352 dum

293 1393 360 1434 vere
375 1373 494 1433 madent
509 1374 567 1432 udo
582 1389 672 1432 terrae
687 1394 719 1438 ac
735 1372 912 1452 pluvialibus
925 1374 1047 1444 Austris,

294 1470 393 1530 stagna
408 1454 488 1526 colit,
503 1454 629 1532 ripisque
644 1454 778 1513 habitans
793 1453 842 1512 bic
856 1454 984 1533 piscibus
999 1469 1090 1514 atram
1124 1485 1163 1524 430

293 1535 431 1612 inprobus
446 1534 605 1610 ingluviem
619 1534 753 1612 ranisque
769 1535 938 1614 loquacibus
953 1536 1072 1614 explet3

293 1631 445 1695 postquam
460 1630 560 1674 exusta
574 1615 665 1694 palus,
682 1629 833 1695 terraeque
847 1616 946 1676 ardore
961 1615 1124 1687 dehiscunt,

294 1697 391 1756 exsilit
404 1696 436 1755 in
450 1695 560 1755 siccum
575 1711 605 1755 et
619 1696 796 1755 flammantia
811 1696 922 1756 lumina
936 1711 1070 1774 torquens

294 1777 384 1838 saevit
398 1777 479 1854 agris,
494 1797 632 1856 asperque
647 1776 695 1852 siti
710 1792 797 1856 atque
812 1776 963 1837 exterritus
977 1792 1066 1838 aestu.

294 1878 331 1918 ne
345 1858 417 1917 mihi
434 1873 496 1917 tum
511 1859 611 1916 molles
627 1858 680 1917 sub
695 1858 763 1916 divo
778 1879 893 1937 carpere
908 1878 1021 1916 somnos

294 1959 352 1998 neu
367 1939 450 1999 dorso
464 1939 588 1998 nemoris
605 1939 692 1999 libeat
707 1938 828 1998 iacuisse
842 1959 894 2018 per
907 1939 1019 2012 herbas,

293 2040 361 2079 cum
376 2019 474 2097 positis
489 2039 580 2078 novus
597 2019 706 2078 exuviis
722 2020 890 2099 nitidusque
904 2019 1023 2079 iuventa

293 2100 430 2172 volvitur,
444 2115 494 2159 aut
509 2101 621 2160 catulos
635 2101 718 2160 tectis
734 2116 784 2160 aut
798 2122 852 2160 ova
865 2101 1041 2181 relinquens,

293 2181 397 2241 arduus
412 2181 449 2240 ad
463 2181 553 2240 solem
568 2197 597 2241 et
612 2181 719 2258 linguis
734 2182 823 2242 micat
838 2203 886 2242 ore
901 2181 1035 2242 trisulcis.

334 2261 499 2321 morborum
514 2283 631 2341 quoque
645 2278 674 2322 te
689 2283 787 2322 causas
802 2277 831 2322 et
845 2263 925 2338 signa
940 2263 1060 2322 docebo.
1124 2292 1163 2331 440

214 2415 217 2420 ,
294 2343 385 2421 turpis
399 2363 465 2402 oves
479 2357 601 2420 temptat
615 2343 799 2415 scabies,·ubi
814 2343 933 2419 frigidus
948 2343 1041 2402 imber

293 2424 380 2483 altius
394 2424 542 2484 advivunt
557 2423 683 2502 persedit
698 2441 727 2484 et
741 2423 854 2482 horrida
868 2443 942 2482 cano

294 2505 395 2572 bruma
409 2505 486 2580 gelu,
501 2447 576 2565 velp
564 2525 632 2564 cum
647 2504 734 2564 tonsis
748 2504 857 2562 inlotus
872 2503 998 2562 adhaesit

294 2587 379 2645 sudor
393 2602 422 2644 et
436 2586 538 2646 hirsuti
554 2601 709 2645 secuerunt
724 2604 843 2668 corpora
855 2603 966 2662 vepres.

294 2666 426 2726 dulcibus
441 2667 550 2726 idcirco
564 2665 659 2725 fluviis
668 2685 761 2759 ..pecus
775 2684 862 2724 omne
876 2663 1002 2741 magistri

294 2747 485 2825 perfundunt,
499 2748 621 2826 udisque
635 2747 708 2806 aries
722 2746 753 2804 in
768 2745 881 2824 gurgite
895 2745 971 2804 villis

295 2843 433 2887 mersatur
447 2828 606 2922 missusque
620 2828 749 2888 secundo
763 2825 865 2887 defluit
879 2826 981 2898 amni;

295 2924 343 2967 aut
358 2924 475 2968 tonsum
490 2909 562 2969 tristi
578 2909 753 2986 contingunt
768 2929 870 2988 corpus
884 2928 1002 2967 amurca

296 3003 325 3047 et
339 3008 452 3067 spumas
467 2990 591 3049 miscent
606 2989 717 3067 argenti
732 2989 853 3068 vivaque
868 2988 984 3068 sulpura

294 3069 493 3148 Idaeasque
465 3091 544 3149 prees
558 3086 588 3130 et
603 3071 723 3150 pingues
739 3070 868 3148 unguine
882 3091 960 3130 ceras
1122 3096 1162 3137 450

294 3149 464 3229 scillamque
479 3152 678 3245 elleborosque
693 3172 791 3229 graves
806 3152 979 3229 nigrumque
993 3149 1136 3210 bitumen.

295 3251 355 3290 non
370 3245 469 3289 tamen
484 3232 544 3291 ulla
558 3232 647 3309 magis
661 3253 793 3310 praesens
809 3233 925 3291 fortuna
939 3231 1070 3290 laborum
1084 3246 1136 3304 est,

383 3337 431 3384 422
449 3339 557 3386 namque.
622 3339 671 3387 434
687 3325 808 3373 exercitus.
873 3338 921 3386 443
939 3324 1036 3374 inlutus.

576 3403 624 3452 449
641 3399 666 3438 et
676 3392 769 3454 sulpura
782 3389 842 3438 viva.
