2558 4112
397 381 599 431 GEORGICON
616 383 678 432 LIB.
696 384 735 433 111

149 532 222 588 gens
238 509 387 570 effrena
360 530 455 568 utrum
470 509 625 594 Rhipaeo
617 513 751 570 tunditur
765 513 842 571 Euro

151 608 183 652 et
195 591 345 686 pecudum
360 591 447 650 fulvis
461 591 574 651 velatur
588 613 706 670 corpora
721 594 812 653 saetis.

192 694 215 731 sr
207 672 284 731 tibi
300 671 435 731 lanitium
450 693 545 745 curae,
560 675 687 752 primum
701 695 798 753 aspera
812 676 884 735 silva

152 755 315 833 lappaeque
331 753 487 831 tribolique
502 755 614 825 absint,
636 755 703 830 fuge
717 755 821 832 pabula
836 757 931 828 laeta;

152 835 354 912 continuoque
368 853 464 910 greges
480 834 556 893 villis
571 836 634 912 lege
649 836 785 894 mollibus
799 838 887 896 albos.

151 916 238 974 illum
253 930 361 988 autem,
376 915 507 994 quamvis
523 916 593 975 aries
609 916 646 974 sit
663 917 823 976 candidus
815 939 885 995 rpse,

152 995 234 1072 nigra
250 996 347 1055 subest
361 996 419 1054 udo
435 1011 548 1056 tantum
563 1018 610 1056 cur
603 997 724 1073 lingua
738 999 843 1075 palato,

152 1076 240 1150 reice,
255 1097 294 1135 ne
308 1077 431 1136 maculis
445 1077 572 1138 infuscet
586 1078 694 1137 vellera
707 1079 795 1156 pullis

153 1173 337 1230 nascentum,
352 1158 498 1236 plenoque
513 1159 603 1218 alium
618 1159 808 1237 circumspice
823 1180 937 1238 eampo.
984 1191 1022 1229 ³90

152 1259 275 1297 munere
288 1239 329 1298 sic
345 1239 430 1298 niveo
443 1240 536 1312 lanae,
552 1240 574 1297 si
590 1241 706 1299 credere
721 1240 842 1316 dignum
858 1257 909 1313 est,

154 1321 215 1378 Pan
229 1319 300 1378 deus
314 1319 455 1379 Arcadiae
469 1337 584 1398 captam
598 1337 638 1392 te,
654 1322 747 1394 Luna,
763 1322 869 1380 fefellit

153 1401 184 1458 in
200 1421 318 1458 nemora
333 1401 390 1459 alta
404 1421 533 1473 vocans3
554 1422 608 1461 nec
625 1418 656 1460 tu
672 1419 821 1482 aspernata
836 1418 999 1461 vocantem.

195 1496 223 1539 at
237 1501 285 1541 cut
277 1481 384 1540 laetis
398 1501 488 1553 amor,
503 1484 626 1559 cytisum
642 1484 773 1562 lotosque
789 1484 954 1561 frequentes

153 1562 215 1640 ipse
230 1582 318 1621 manu
333 1562 474 1640 salsasque
490 1564 562 1622 ferat
575 1565 758 1657 praesepibus
773 1565 883 1623 herbas

153 1643 223 1702 hine
236 1657 265 1702 et
280 1658 379 1702 amant
393 1642 495 1702 fluvios
511 1646 607 1720 magis,
624 1661 653 1703 et
669 1645 757 1721 magis
773 1645 860 1703 ubera
874 1647 1002 1704 tendunt

153 1739 184 1782 et
198 1723 264 1782 salis
278 1723 427 1782 occultum
442 1726 573 1784 referunt
587 1725 618 1783 in
633 1727 709 1784 lacte
725 1747 863 1802 saporem.

153 1805 240 1864 multi
255 1804 311 1862 iarn
326 1821 456 1864 excretos
470 1805 625 1883 prohibent
640 1827 656 1864 a
671 1805 809 1864 matribus
823 1807 927 1864 haedos

152 1886 303 1966 primaque
317 1886 427 1945 ferratis
442 1885 603 1963 praefigunt
617 1907 666 1944 ora
679 1885 818 1964 capistris.

153 1966 231 2044 quod
245 1982 381 2043 surgente
396 1967 442 2025 die
457 1967 581 2026 mulsere
596 1968 731 2046 horisque
746 1967 866 2038 diurnis,
984 1997 1023 2035 400

153 2063 240 2106 noete
255 2063 413 2124 premunt3
434 2047 584 2126 quodiam
601 2049 726 2106 tenebris
741 2063 771 2107 et
786 2049 845 2107 sole
860 2049 990 2117 cadente,

153 2129 205 2186 sub
220 2128 317 2186 lucem
332 2144 486 2206 exportant
502 2129 723 2187 calathis—adit
738 2129 843 2208 oppida
858 2146 993 2206 pastor-

152 2225 203 2267 aut
218 2230 304 2287 parco
319 2210 378 2268 sale
393 2209 568 2284 contingunt
582 2209 730 2288 hiemique
744 2226 900 2287 reponunt.

194 2310 250 2349 nee
265 2289 319 2348 tibi
335 2309 403 2348 cura
417 2309 523 2349 canum
539 2289 628 2348 fuerit
643 2305 795 2368 postrema,
810 2290 860 2349 sed
874 2311 932 2348 una

152 2371 266 2430 veloces
282 2371 401 2448 Spartae
416 2371 527 2429 catulos
543 2391 697 2448 acremque
714 2370 878 2429 Molossum

152 2472 237 2529 pasce
251 2471 314 2510 sero
327 2451 438 2528 pingui.
481 2471 644 2529 numquam
659 2450 825 2538 custodibus
838 2451 896 2508 illis

152 2547 331 2591 nocturnum
346 2531 465 2590 stabulis
481 2532 600 2591 furem
592 2531 782 2610 rneursus'que
796 2525 970 2610 luporum

152 2628 203 2672 aut
217 2612 366 2691 inpacatos
381 2633 397 2671 a
412 2628 491 2689 tergo
505 2613 635 2672 horrebis
650 2613 785 2672 Hiberos.

152 2713 235 2771 saepe
251 2693 338 2753 etiam
352 2714 436 2752 eursu
451 2694 566 2753 timidos
582 2695 701 2772 agitabis
714 2715 840 2771 onagros,

152 2790 182 2832 et
197 2774 316 2834 canibus
331 2774 468 2852 leporem,
485 2776 606 2835 canibus
621 2777 765 2835 venabere
780 2775 906 2833 dammas
919 2799 928 2844 3
986 2803 1023 2841 410

152 2876 236 2934 saepe
251 2855 408 2915 volutabris
422 2857 519 2934 pulsos
535 2857 712 2916 silvestribus
726 2877 807 2935 apros

152 2937 257 2996 latratu
272 2937 401 2997 turbabis
416 2957 502 3013 agens
518 2953 690 3016 montesque
705 2959 756 3014 per
771 2937 841 2996 altos

152 3017 301 3093 ingentem
316 3018 440 3077 clamore
455 3038 567 3096 premes
583 3020 619 3077 ad
634 3019 706 3077 retia
722 3039 850 3078 cervum.

192 3099 271 3157 disce
286 3114 315 3157 et
330 3099 477 3158 odoratam
493 3099 612 3158 stabulis
628 3100 787 3158 accendere
803 3099 920 3159 cedrum

152 3179 351 3257 galbaneoque
367 3179 471 3255 agitare
486 3201 584 3256 graves
600 3180 702 3238 nidore
718 3181 877 3258 chelydros.

152 3280 235 3338 saepe
250 3260 304 3318 sub
316 3259 434 3320 inmotis
448 3261 634 3338 praesepibus
650 3261 788 3320 autmala
803 3277 883 3321 tactu

151 3340 249 3417 vipera
264 3339 381 3400 delituit
395 3342 567 3419 caelumque
583 3341 719 3400 exterrita
734 3342 816 3418 fugit,

482 3447 530 3496 412
547 3435 648 3484 terrebis.
