2558 4112
415 353 582 403 AENEIDOS
599 355 663 404 LIB.
679 353 719 404 111
976 365 1019 416 ις]

151 487 341 578 crebrescunt
354 497 470 562 optatae
486 505 578 557 aurae,
592 499 750 563 portusque
763 488 887 564 patescit
984 517 1023 558 530

151 568 210 627 iam
224 565 353 645 propior,
368 565 569 658 templumque
584 581 701 644 apparet
715 567 747 624 in
762 586 827 626 arce
844 568 1007 630 Minervae.

152 649 218 708 vela
232 648 336 722 legunt
350 645 419 704 socii
436 661 464 704 et
478 666 576 724 proras
591 646 627 704 ad
642 647 727 706 litora
741 661 889 727 torquent.

152 744 253 807 portus
268 728 303 786 ab
319 727 415 786 Euroo
429 725 520 786 fluctu
535 742 667 786 curvatus
682 727 713 786 in
729 747 846 800 arcum3

153 809 284 868 obiectae
299 807 370 866 salsa
385 821 520 885 spumant
534 807 704 885 adspergine
719 824 824 881 cautes,

154 891 215 969 ipse
231 890 324 947 latet:
346 888 462 964 gemino
478 888 639 947 demittunt
653 890 787 949 bracchia
800 910 883 948 muro

153 970 249 1030 turriti
264 969 376 1047 scopuli
392 969 554 1048 refugitque
570 970 605 1028 ab
621 969 707 1028 litore
722 971 875 1048 templum.

153 1066 290 1131 quattuor
303 1050 363 1121 hic,
376 1050 502 1128 primurn
517 1070 614 1122 omen,
631 1071 718 1128 equos
733 1051 764 1108 in
779 1051 909 1126 gramine
923 1051 983 1111 vidi

153 1132 310 1191 tondentes
325 1150 460 1209 campum
475 1132 542 1203 late,
558 1131 684 1190 candore
698 1131 797 1190 nivali.

153 1229 183 1272 et
196 1227 281 1290 pater
293 1211 434 1271 Anchises
451 1211 589 1284 ‘bellum,
605 1232 622 1270 o
638 1227 713 1270 terra
725 1213 848 1290 hospita,
863 1229 980 1292 portas:

153 1294 234 1353 bello
249 1307 396 1351 armantur
411 1291 487 1371 equi,
503 1292 615 1351 bellum
630 1294 701 1352 haec
717 1308 849 1352 armenta
863 1294 1020 1354 minantur.

153 1374 203 1433 sed
218 1390 315 1433 tamen
331 1373 409 1432 idem
423 1373 494 1432 olim
509 1393 593 1433 curru
609 1374 765 1433 succedere
779 1373 853 1433 sueti
984 1403 1020 1444 ⁵4¹

154 1454 373 1562 quadrupedes,
380 1468 410 1512 et
424 1454 528 1512 frena'
520 1474 587 1530 rugo
602 1455 758 1513 concordia
773 1455 868 1514 ferre:

114 1591 117 1596 .
154 1555 215 1614 spes
231 1550 261 1594 et
274 1535 373 1628 paciq’
388 1534 437 1594 ait.
479 1552 541 1594 turn
557 1534 677 1594 numina
691 1551 789 1594 sancta
802 1556 955 1614 precamur

155 1616 279 1676 Palladis
295 1615 462 1689 armisonae,
478 1636 550 1694 quae
564 1616 658 1693 prima
673 1615 787 1694 accepit
797 1632 929 1709 ovantes,

154 1711 182 1756 et
195 1696 292 1775 capita
306 1713 374 1755 ante
389 1717 448 1755 aras
465 1697 591 1775 Phrygio
605 1697 734 1756 velamur
748 1697 875 1768 amictu;

152 1778 371 1856 praeceptisque
387 1777 508 1850 Heleni,
524 1777 644 1836 dederat
658 1798 734 1856 quae
747 1778 879 1850 maxima,
895 1778 949 1836 rite

153 1859 261 1918 Iunoni
275 1858 399 1936 Argivae
413 1858 502 1917 iussos
518 1859 665 1916 adolemus
680 1860 814 1917 honores.

153 1939 229 1999 haud
244 1959 333 2012 mora,
349 1939 491 1999 continuo
506 1939 644 2018 perfectis
659 1939 761 1997 ordine
776 1939 850 1997 votis

154 2039 261 2080 cornua
274 2021 436 2080 velatarum
451 2019 628 2078 obvertimus
644 2035 844 2080 antemnarum

154 2101 413 2180 Graiugenumque
428 2101 528 2159 domos
544 2115 732 2179 suspectaque
747 2100 907 2178 linquimus
921 2120 995 2159 arva.

153 2182 221 2241 hinc
236 2183 315 2241 sinus
330 2181 483 2254 Herculei,
499 2181 522 2240 si
536 2201 603 2240 vera
619 2195 661 2238 est
675 2181 761 2252 fama,
777 2181 901 2239 Tarenti
983 2209 1020 2248 531

153 2263 299 2334 cernitur;
320 2263 431 2322 attollit
446 2283 475 2322 se
489 2262 555 2320 diva
571 2261 692 2320 Lacinia
706 2275 808 2319 eontra

154 2343 352 2422 Caulonisque
367 2363 445 2402 arces
461 2359 491 2401 et
506 2341 687 2418 navifragum
703 2341 885 2418 Scylaceum.

152 2437 214 2482 tum
229 2426 332 2502 procul
348 2444 364 2483 e
379 2423 469 2482 fluctu
486 2423 641 2482 Trinacria
656 2421 785 2481 cernitur
798 2423 905 2494 Aetna,

153 2519 183 2562 et
196 2504 338 2580 gemitum
352 2504 504 2582 ingentem
519 2504 615 2583 pelagi
632 2503 802 2582 pulsataque
816 2523 880 2561 saxa

151 2586 284 2645 audimus
298 2586 385 2662 longe
401 2586 563 2664 fractasque
580 2585 615 2643 ad
631 2585 715 2643 litora
729 2603 824 2656 voces,

151 2667 357 2745 exsultantque
371 2667 444 2725 vada
460 2681 547 2745 atque
563 2680 643 2724 aestu
659 2665 818 2724 miscentur
831 2667 967 2723 harenae.

151 2761 182 2804 et
196 2763 279 2825 pater
292 2747 458 2806 Anchises:
482 2746 638 2804 ‘nimirum
656 2747 728 2805 haec
744 2746 795 2804 illa
811 2744 990 2822 Charybdis;

148 2829 203 2885 hos
216 2829 354 2887 Helenus
364 2828 512 2921 scopulos,
528 2828 600 2886 haec
618 2847 683 2885 saxa
698 2826 841 2885 horrenda
856 2826 989 2885 canebat

149 2907 264 2986 eripite,
280 2930 298 2968 o
313 2908 394 2981 socii,
404 2908 574 3002 pariterque
589 2907 728 2984 insurgite
743 2906 848 2966 remis.¹
983 2924 1022 2974 5⁶0

146 2989 229 3047 haud
243 2989 340 3048 minus
354 3009 387 3048 ac
402 2989 469 3048 iussi
461 2989 607 3062 faciunt,
623 2989 790 3067 primusque
805 2987 960 3046 rudentem

147 3069 291 3130 contorsit
306 3071 400 3128 laevas
414 3089 527 3149 proram
543 3069 696 3129 Palinurus
711 3069 748 3128 ad
763 3069 875 3127 undas:

145 3149 263 3209 laevam
278 3166 385 3210 cuncta
400 3153 503 3210 cohors
517 3151 603 3209 remis
617 3151 771 3229 ventisque
784 3149 899 3228 petivit.

144 3229 283 3289 tollimur
297 3231 328 3289 in
344 3232 459 3292 caelum
474 3247 592 3290 curvato
606 3231 727 3307 gurgite,
743 3247 773 3289 et
787 3230 865 3290 idem

144 3310 292 3370 subducta
307 3312 344 3372 ad
360 3313 467 3372 Manes
482 3312 553 3370 imos
568 3312 732 3370 desedimus
746 3310 834 3370 unda.

381 3417 425 3470 535
445 3405 575 3455 dimittunt.
611 3405 655 3469 558
673 3405 720 3456 hic.
