2562 4114
431 341 597 390 AENEIDOS
614 341 677 391 LIB.
695 342 719 388 X

163 471 258 530 occiso
273 471 462 542 Therone‚'
435 491 529 530 vuum
544 473 593 550 qui
608 473 749 531 maximus
765 473 840 531 ultro

163 554 282 612 Aenean
297 552 391 630 petit:
413 553 482 611 huic
497 553 592 629 gladio
605 573 714 632 perque
729 573 809 611 aerea
823 569 894 625 suta,

163 655 215 712 per
228 633 357 692 tunicam
371 635 551 710 squalentem
565 654 642 727 auro,
657 634 729 692 latus
743 635 839 692 haurit
854 651 994 712 apertum

164 713 232 773 inde
247 714 357 773 Lichan
374 714 451 784 ferit,
465 731 612 773 exsectum
627 715 686 773 iam
700 729 789 773 matre
803 733 960 792 perempta,

164 811 192 854 et
208 795 269 865 tibi,
287 795 411 866 Phoebe,
426 815 547 866 sacrum,
562 817 641 854 casus
654 794 774 854 evadere
789 795 856 854 ferri

164 876 241 954 quod
256 875 339 935 licuit
352 897 448 955 parvo.
491 897 545 935 nec
561 878 655 951 longe,
671 876 768 934 Cissea
782 877 886 934 durum

164 956 369 1036 inmanemque
385 958 480 1034 Gyan,
496 973 655 1016 sternentes
670 957 783 1033 agmina
796 957 887 1027 clava,

164 1037 269 1096 deiecit
284 1038 363 1109 leto;
384 1038 457 1096 nihil
473 1038 537 1096 illos
553 1037 690 1096 Herculis
705 1058 790 1108 arma,

164 1137 218 1176 nec
233 1118 343 1177 validae
358 1119 456 1177 iuvere
470 1137 571 1177 manus
585 1118 753 1197 genitorque
770 1119 944 1195 Melampus,
992 1149 1029 1187 φο

163 1198 284 1257 Alcidae
300 1217 395 1258 comes
410 1219 499 1276 usque
514 1219 613 1276 graves
627 1200 697 1258 dum
713 1215 786 1258 terra
801 1199 909 1257 labores

163 1279 303 1356 praebuit.
345 1299 413 1338 ecce
430 1279 530 1351 Pharo,
544 1301 629 1339 voces
643 1280 713 1338 dum
728 1279 813 1339 iactat
827 1279 943 1351 inertes,

163 1357 331 1438 intorquens
345 1360 472 1419 iaculum
487 1361 622 1420 clamanti
639 1361 710 1419 sistit
724 1361 755 1418 in
770 1381 827 1419 ore.

164 1456 195 1499 tu
210 1460 336 1518 quoque,
350 1439 504 1500 flaventem
518 1441 611 1520 prima
626 1441 761 1518 lanugine
777 1441 864 1499 malas

163 1521 233 1579 dum
247 1521 371 1600 sequeris
387 1521 519 1598 Clytium
534 1522 646 1594 infelix,
662 1543 736 1580 nova
749 1522 860 1599 gaudia,
877 1522 991 1600 Cydon,

163 1601 307 1661 Dardania
322 1617 422 1661 stratus
436 1602 544 1675 dextra,
560 1623 675 1662 securus
689 1621 827 1672 amorum,

163 1683 213 1761 qui
228 1683 366 1742 iuvenum
382 1683 434 1741 tibi
450 1703 562 1760 semper
576 1700 667 1754 erant,
681 1684 850 1755 miserande,
865 1684 979 1754 iaceres,

163 1764 194 1821 ni
209 1763 326 1822 fratrum
340 1763 441 1842 stipata
455 1767 555 1823 cohors
570 1765 643 1823 foret
657 1764 750 1834 obvia,
766 1763 869 1822 Phorci

163 1845 318 1922 progenies,
335 1860 444 1922 septem
460 1864 590 1916 numero,
606 1859 780 1923 septenaque
794 1845 851 1902 tela

105 1997 110 2006 .
164 1925 335 1995 coniciunt;
356 1924 460 2002 partim
476 1926 555 2000 galea
569 1924 721 2002 clipeoque
736 1924 876 1983 resultant
991 1954 1029 1994 3³0

164 2005 256 2074 inrita,
272 2003 391 2064 deflexit
406 2005 510 2082 partim
521 2004 689 2081 stringentia
703 2025 805 2082 eorpus

165 2086 238 2144 alma
251 2086 363 2144 Venus.
405 2084 495 2143 fidum
509 2087 622 2143 Aeneas
637 2085 747 2144 adfatur
761 2087 894 2145 Achaten
909 2108 916 2145 ι

144 2175 280 2242 ‘suggere
295 2166 352 2224 tela
366 2165 437 2223 mihi
452 2189 461 2235 ;
483 2185 541 2224 non
558 2166 651 2224 ullum
665 2166 782 2224 dextera
796 2167 897 2225 frustra

164 2247 274 2306 torserit
288 2246 319 2305 in
334 2246 467 2318 Rutulos,
483 2262 623 2305 steterunt
637 2267 710 2324 quae
725 2247 754 2305 in
770 2267 887 2324 corpore
903 2247 1027 2306 Graium

163 2327 260 2386 Iliacis
274 2327 399 2404 campia’
441 2344 503 2386 tum
519 2347 651 2404 magnam
665 2327 785 2407 corripit
799 2330 917 2398 hastam,

164 2425 192 2468 et
207 2408 273 2467 iacit
286 2434 295 2479 ;
316 2408 367 2467 illa
381 2409 478 2466 volans
493 2408 580 2485 clipei
593 2409 801 2467 transverberat
815 2427 879 2466 aera

165 2489 307 2561 Maeonis,
322 2504 351 2548 et
366 2491 480 2548 thoraca
494 2489 578 2547 simul
593 2509 662 2548 cum
676 2505 790 2566 pectore
805 2488 922 2566 rumpit.

164 2571 231 2628 huic
247 2571 332 2629 frater
346 2569 572 2640 subit·Alcanor,
587 2570 759 2649 fratremque
774 2585 906 2628 ruentem

164 2665 301 2709 sustentat
315 2651 434 2710 dextra:
456 2649 576 2710 traiecto
589 2651 672 2710 missa
686 2652 792 2712 lacerto

165 2731 298 2808 protinus
312 2733 392 2790 hasta
408 2732 484 2808 fugit
498 2726 649 2810 servatque
664 2748 782 2791 cruenta
796 2748 935 2802 tenorem,
990 2759 1028 2799 ³⁴0

163 2811 336 2890 dexteraque
350 2833 387 2870 ex
401 2832 500 2871 umero
514 2812 608 2871 nervis
623 2813 793 2872 moribunda
807 2811 955 2890 pependit.

164 2909 226 2950 tum
241 2891 390 2986 Numitor,
403 2894 498 2952 iaculo
512 2893 604 2952 fratris
618 2894 654 2952 de
668 2913 786 2973 corpore
801 2909 890 2972 rapto,

162 2973 281 3031 Aenean
296 2969 402 3050 petiit;
422 2975 471 3032 sed
486 2994 543 3033 non
558 2989 588 3033 et
602 2973 687 3050 figere
702 2990 801 3033 contra

163 3068 205 3112 est
220 3053 345 3124 licitum,
359 3054 519 3149 magnique
525 3055 620 3114 femur
633 3054 801 3132 perstrinxit
813 3056 951 3114 Achatae.

162 3134 210 3192 hic
224 3133 357 3205 Curibus,
373 3135 462 3194 fidens
475 3135 623 3221 primaevo
636 3157 766 3214 corpore,
781 3134 902 3195 Clausus

163 3213 288 3286 advenit,
303 3231 332 3274 et
346 3215 435 3292 rigida
449 3216 596 3294 Dryopem
611 3213 677 3275 ¹ferit
692 3217 804 3274 eminus
818 3217 896 3276 hasta

162 3295 215 3355 sub
229 3310 372 3368 mentum,
385 3297 507 3374 graviter
521 3317 623 3374 pressa,
637 3298 799 3376 pariterque
814 3296 957 3376 loquentis

434 3404 479 3452 3¹7
497 3407 542 3453 quo
551 3391 616 3438 licuit
628 3394 713 3452 parvo?
