2568 4114
446 344 614 393 nrunoos
631 345 695 394 im.
712 347 764 394 vn
1012 357 1059 409 235

194 488 307 533 tectum
321 487 484 549 augustum,
499 472 610 548 ingens,
625 489 745 532 centum
761 475 885 534 sublime
900 475 1053 547 columnis,

194 555 266 614 urbe
281 553 338 612 fuit
352 573 472 626 summa,
487 553 641 612 Laurentis
655 554 731 630 regia
748 555 820 628 Pici,
1026 587 1062 625 ψ

193 635 369 695 horrendum
384 634 462 693 silvis
478 649 508 693 et
521 635 660 711 religione
674 652 838 712 parentum.

193 717 242 775 hic
258 731 370 794 sceptra
385 714 517 793 accipere
532 731 561 774 et
575 716 682 793 primos
697 716 831 775 attollere
846 717 936 776 fasces

193 797 307 874 regibus
322 816 409 854 omen
425 812 507 867 erat3
528 797 583 855 hoc
599 796 657 854 illis
672 797 750 856 curia
766 798 919 875 templum,

194 879 249 936 hae
264 877 350 936 sacris
365 877 445 936 sedes
461 878 553 954 epulis
566 899 576 946 3
597 877 645 936 hic
662 878 751 937 ariete
766 899 849 937 caeso

194 957 340 1037 perpetuis
356 957 433 1016 soliti
449 973 544 1036 patres
560 958 710 1018 considere
725 959 840 1019 mensis.

194 1039 267 1118 quin
282 1038 370 1097 etiam
384 1053 517 1097 veterum
533 1039 638 1114 effigies
654 1060 689 1097 ex
704 1040 805 1098 ordine
817 1059 936 1099 avorum

195 1119 313 1198 antiqua
328 1139 344 1177 e
359 1119 455 1191 cedro,
468 1119 627 1198 Italusque,
642 1135 781 1199 paterque
798 1120 920 1180 Sabinus

194 1200 334 1272 vitisator,
350 1219 467 1258 curvam
482 1219 598 1258 servans
613 1201 665 1259 sub
680 1201 806 1277 imagine
822 1202 939 1273 falcem,

196 1282 393 1359 Saturnusque
407 1301 503 1352 senex,
519 1281 642 1359 Ianique
657 1281 793 1340 bifrontis
807 1281 911 1357 imago,
1027 1300 1064 1340 180

192 1362 339 1420 vestibulo
354 1362 515 1434 adstabant,
531 1361 639 1440 aliique
655 1362 691 1420 ab
705 1361 817 1439 origine
831 1383 919 1438 reges,

197 1443 362 1520 Martiaque
378 1443 415 1500 ob
429 1442 551 1519 patriam
566 1443 724 1520 pugnando
736 1444 856 1501 vulnera
869 1442 952 1520 passi.

195 1525 345 1602 multaque
359 1538 508 1601 praeterea
523 1524 608 1582 sacris
623 1523 653 1581 in
668 1523 799 1602 postibus
814 1543 901 1596 arma,

195 1603 301 1682 captivi
316 1605 447 1682 pendent
462 1625 559 1663 currus
574 1625 735 1683 curvaeque
750 1625 871 1677 secures,

195 1701 224 1744 et
239 1685 340 1744 cristae
356 1685 484 1762 capitum
500 1701 529 1744 et
543 1701 694 1763 portarum
705 1685 835 1762 ingentia
850 1685 981 1756 claustra,

196 1767 364 1844 spiculaque
380 1766 527 1844 clipeique
542 1780 698 1844 ereptaque
711 1781 800 1824 rostra
815 1765 930 1824 carinis.

195 1847 257 1926 ipse
266 1847 420 1941 ⁸Qirinuli
435 1847 509 1905 lituo
524 1865 668 1925 parvaque
683 1846 801 1904 sedebat

196 1928 360 1987 succinctus
376 1928 483 1999 trabea,
499 1928 638 2004 laevaque
653 1926 749 1986 ancile
763 1926 878 2004 gerebat

197 2009 291 2081 Picus,
303 2027 410 2087 equum
422 2008 567 2075 domitor;
589 2027 675 2086 quem
688 2023 771 2086 capta
783 2007 922 2086 cupidine
934 2007 1062 2066 coniunx

196 2109 279 2148 aurea
291 2109 460 2167 percussum
474 2089 552 2164 virga
567 2108 738 2167 versumque
752 2089 872 2147 venenis
1027 2117 1064 2156 190

196 2170 267 2229 fecit
282 2189 364 2229 avem
380 2169 475 2242 Circe,
491 2169 667 2262 sparsitque
666 2169 810 2227 coloribus
824 2168 907 2230 alas.

196 2250 270 2310 tali
262 2266 339 2309 intus
355 2250 465 2328 templo
481 2249 580 2308 divom
595 2249 743 2328 patriaque
757 2249 879 2308 Latinus

196 2331 263 2390 sede
278 2331 381 2389 sedens
396 2331 527 2389 Teucros
542 2330 579 2389 ad
594 2349 654 2390 sese
668 2330 699 2388 in
715 2345 793 2390 tecta
806 2331 944 2401 vocavit3

196 2427 283 2491 atque
298 2413 369 2471 haec
384 2411 515 2488 ingressis
530 2411 647 2490 placido
660 2410 738 2490 prior
752 2410 844 2470 edidit
858 2431 906 2470 ore
920 2433 927 2470 ε

176 2493 294 2565 ‘dicite,
310 2492 632 2571 Dardanidae—neque
647 2492 727 2551 enim
742 2491 884 2552 nescimus
900 2507 929 2550 et
944 2491 1045 2549 urbem

197 2588 226 2632 et
240 2593 340 2650 genus,
355 2573 505 2651 auditique
520 2573 668 2632 advertitis
683 2593 806 2652 aequore
819 2592 975 2632 cursum-

197 2655 267 2733 quid
280 2654 402 2733 petitis?
423 2675 496 2734 quae
512 2675 596 2713 causa
611 2670 685 2714 rates
700 2669 751 2714 aut
765 2654 846 2713 cuius
862 2668 979 2732 egentes

197 2736 266 2794 litus
281 2735 317 2794 ad
330 2735 494 2794 Ausonium
509 2751 552 2794 tot
566 2756 618 2814 per
632 2736 705 2794 vada
719 2734 833 2795 caerula
846 2734 950 2792 vexit?

197 2816 256 2874 sive
272 2835 363 2874 errore
378 2817 441 2874 viae
457 2837 507 2875 seu
523 2816 743 2895 tempestatibus
759 2815 827 2887 acti,

217 2897 295 2955 ualia
310 2897 402 2956 multa
417 2897 487 2956 mari
503 2913 607 2956 nautae
622 2897 773 2976 patiuntur
787 2895 817 2955 in
833 2895 902 2966 alto,
1025 2923 1065 2953 ιω

197 2919 347 3037 duminio
339 2977 463 3038 intrastis
477 2978 562 3056 ripas,
577 2993 719 3056 portuque
734 2977 862 3036 sedetis.

198 3079 236 3116 ne
251 3058 343 3135 fugite
357 3059 525 3137 hospitium,
542 3079 614 3118 neve
629 3059 758 3134 ignorate
772 3057 891 3117 Latinos

199 3139 315 3198 Saturni
330 3154 459 3217 gentem,
473 3140 550 3198 haud
564 3140 664 3199 vinclo
678 3159 733 3198 nec
748 3138 859 3215 legibus
874 3157 1005 3218 aequam,

198 3234 303 3297 sponte
318 3240 368 3278 sua
382 3221 544 3299 veterisque
559 3220 607 3280 dei
622 3241 651 3279 se
666 3240 746 3278 more
762 3235 922 3280 tenentem.

198 3314 286 3378 atque
301 3300 438 3378 equidem
452 3301 692 3360 memini--fama
708 3317 750 3361 est
764 3301 911 3361 obscurior
924 3299 1048 3359 annis-

413 3406 457 3458 175
474 3393 539 3446 haec.
606 3393 652 3443 182
669 3395 758 3443 Martia
768 3395 815 3459 qui.
