2562 4114
424 322 589 372 AENEIDOS
606 325 669 372 LIB.
687 325 725 373 xl
979 340 1024 391 335

162 452 345 511 Teucrorum
361 468 410 511 tua
423 453 522 511 dextra
535 453 625 524 dedit,
639 453 797 533 passimque
812 455 934 534 tropacis

162 532 280 607 insignis
295 553 382 608 agros.
424 534 512 612 possit
526 534 597 612 quid
609 535 705 593 vivida
719 535 816 606 virtus,

162 612 306 690 experiare
321 613 389 674 licet
402 639 411 685 3
432 635 485 674 nec
501 614 585 690 longe
600 614 711 674 scilicet
724 617 817 674 hostes

162 694 315 773 quaerendi
331 695 434 765 nobis3
456 695 642 756 circumstant
657 695 784 775 undique
799 718 903 757 muros.

162 775 237 832 imus
251 773 282 833 in
297 775 426 834 adversos
439 776 560 854 t—quid
574 781 685 835 cessas?
706 797 741 836 an
757 777 809 836 tibi
826 779 943 836 Mavors

160 871 278 914 ventosa
292 854 322 914 in
337 856 436 932 lingua
449 857 626 936 pedibusque
641 857 788 934 fugacibus
803 859 863 917 istis
989 889 1027 928 ³90

161 957 272 1014 semper
286 936 362 995 erit?

160 1018 259 1094 pulsus
274 1022 347 1093 ego?
369 1035 418 1078 aut
431 1019 581 1098 quisquam
595 1020 708 1091 merito,
723 1020 894 1090 foedissime,
910 1021 1025 1097 pulsum

161 1113 266 1174 arguet,
282 1098 371 1157 Iliaco
383 1099 532 1158 'tumidum
547 1100 597 1178 qui
612 1121 738 1160 crescere
753 1101 899 1178 Thybrim

161 1178 307 1254 sanguine,
323 1192 351 1238 et
367 1179 494 1238 Euandri
510 1195 599 1240 totam
613 1201 681 1262 cum
696 1181 782 1258 stirpe
797 1181 906 1240 videbit

160 1259 343 1337 procubuisse
359 1260 488 1332 domum,
503 1276 588 1339 atque
602 1278 703 1320 exutos
717 1262 841 1321 Arcadas
856 1263 962 1321 armis?

160 1340 237 1398 haud
250 1340 290 1399 ita
303 1361 349 1399 me
365 1341 475 1418 experti
491 1341 580 1400 Bitias
595 1358 623 1401 et
639 1343 781 1401 Pandarus
796 1343 904 1418 ingens,

160 1435 189 1478 et
204 1441 273 1499 quos
288 1421 368 1479 mille
384 1421 430 1479 die
445 1423 538 1480 victor
552 1423 604 1480 sub
619 1423 738 1482 Tartara
752 1423 826 1494 misi,

159 1500 287 1560 inclusus
302 1501 389 1560 muris
403 1502 560 1581 hostilique
575 1523 673 1580 aggere
688 1520 808 1582 saeptus.

159 1587 178 1613 ‘⁶
188 1582 269 1640 nulla
283 1583 355 1640 salus
371 1582 478 1642 bello.'’
521 1583 608 1660 capiti
624 1604 695 1643 cane
711 1585 777 1643 talia
792 1585 911 1645 demens

159 1661 305 1720 Dardanio
319 1663 459 1742 rebusque
476 1663 541 1724 tuis.
583 1665 703 1743 proinde
718 1666 816 1725 omnia
829 1686 932 1742 magno
987 1696 1026 1732 400

159 1762 196 1800 ne
211 1763 286 1804 cessa
300 1745 414 1802 turbare
429 1761 521 1816 metu,
535 1761 621 1823 atque
637 1747 775 1804 extollere
789 1747 862 1804 vires

158 1823 250 1898 gentis
264 1823 307 1882 bis
321 1823 425 1894 victae,
440 1840 540 1883 contra
554 1845 683 1901 premere
698 1847 775 1884 arma
788 1826 894 1884 Latini.

158 1919 287 1962 nuncet
311 1905 534 1980 Myrmidonum
559 1924 692 1982 proceres
722 1905 843 1981 Phrygia
868 1926 946 1964 arma
969 1923 1024 1964 tre-

240 2001 382 2054 mescunt,

158 2083 237 2122 nunc
253 2079 282 2122 et
297 2063 437 2140 Tydides,
453 2080 482 2124 et
497 2065 658 2124 Larissaeus
670 2067 800 2125 Achilles
813 2091 822 2136 ;
857 2105 859 2108 -

158 2143 250 2218 amnis
265 2159 294 2203 et
308 2145 463 2204 Hadriacas
478 2161 552 2204 retro
567 2147 641 2222 fugit
654 2147 775 2205 Aufidus
791 2149 888 2205 undas.

158 2226 204 2284 vel
220 2245 288 2284 cum
302 2245 331 2284 se
346 2226 481 2304 pavidum
497 2241 596 2284 contra
611 2247 674 2285 mea
691 2227 781 2303 iurgia
795 2227 877 2302 fingit

157 2306 271 2365 artificis
286 2307 387 2377 scelus,
403 2322 431 2365 et
447 2306 600 2366 formidine
616 2307 726 2367 crimen
741 2309 875 2366 acerbat:

158 2407 317 2466 numquam
327 2388 451 2446 animam
463 2388 549 2446 talem
559 2389 659 2448 dextra
669 2389 866 2447 hac-absiste
875 2389 1025 2462 moveri-

158 2469 293 2538 amittes3
312 2467 424 2528 habitet
440 2484 535 2527 tecum
551 2483 580 2528 et
595 2469 631 2529 sit
645 2486 760 2546 pectore
775 2469 806 2527 in
820 2469 884 2528 isto.

158 2569 237 2608 nunc
253 2549 288 2608 ad
303 2565 341 2621 te,
356 2566 385 2608 et
400 2556 448 2609 tua
463 2570 573 2626 magna,
589 2566 678 2628 pater,
695 2551 824 2610 consulta
838 2565 972 2610 revertor.
986 2581 1024 2618 410

158 2630 181 2688 si
196 2630 306 2690 nullam
321 2630 422 2690 nostris
438 2631 513 2689 ultra
527 2651 606 2710 spem
622 2632 703 2710 ponis
717 2633 748 2691 in
763 2631 855 2701 armis,

158 2710 180 2768 si
195 2727 253 2770 tam
268 2712 370 2770 deserti
386 2732 491 2783 sumus,
508 2728 537 2770 et
552 2713 638 2771 semel
655 2713 769 2789 agmine
784 2733 864 2770 verso

158 2792 288 2851 funditus
303 2792 470 2862 occidimus,
487 2813 581 2872 neque
596 2794 682 2852 habet
698 2794 813 2852 fortuna
827 2813 991 2869 regressum,

158 2892 270 2933 oremus
284 2893 394 2951 pacem,
409 2890 439 2932 et
452 2874 563 2932 dextras
579 2874 727 2933 tendamus
742 2875 856 2933 inertes.

158 2973 330 3032 quamquam
344 2973 370 3024 0,
386 2955 407 3012 si
423 2954 521 3012 solitae
537 2953 690 3033 quicquam
705 2954 818 3014 virtutis
834 2955 949 3026 adesset,

158 3033 209 3091 ille
223 3033 295 3092 mihi
310 3050 375 3092 ante
391 3035 458 3094 alios
473 3035 690 3113 fortunatusque
705 3036 842 3106 laborum,

158 3114 345 3192 egregiusque
360 3115 459 3186 animi,
474 3115 534 3193 qui,
550 3135 586 3174 ne
601 3116 671 3193 quid
686 3115 741 3174 tale
756 3115 876 3186 videret,

157 3195 311 3271 procubuit
325 3196 458 3265 moriens,
474 3213 503 3254 et
517 3196 640 3254 humum
654 3197 741 3254 semel
758 3217 805 3254 ore
820 3197 981 3256 momordit.

157 3275 202 3333 sin
217 3291 246 3334 et
260 3295 326 3353 opes
340 3277 433 3348 nobis,
448 3289 477 3334 et
491 3277 584 3334 adhuc
599 3277 707 3336 intacta
721 3277 862 3348 iuventus,

348 3383 397 3432 410
413 3385 497 3431 magne
509 3378 578 3432 pater.
645 3384 693 3433 412
711 3370 788 3420 simul.
