2562 4114
260 352 307 414 33⁶
530 352 557 400 v.
574 349 717 399 vuaesnr
735 350 891 399 unnours

299 480 464 558 auxilioque
481 481 563 539 urbes
578 481 667 538 Italae
682 478 839 558 populique
853 497 1028 558 supersunt3
1133 514 1172 550 420

299 561 341 620 sin
357 577 386 620 et
402 561 536 620 Troianis
551 580 620 620 cum
635 561 728 619 multo
742 560 833 637 gloria
846 561 928 620 venit

297 642 434 718 sanguine
447 657 565 713 ;—-sunt
579 642 637 701 illis
651 663 701 700 sua
714 642 824 712 funera,
837 661 945 720 parque
959 662 1013 720 per
1025 662 1129 714 omnes

297 739 545 801 tempestas-cur
559 723 706 782 indecores
722 722 753 780 in
769 721 870 781 limine
884 723 980 801 primo

297 804 447 863 deficimus
459 809 470 860 i
491 824 543 863 cur
558 820 623 863 ante
639 804 738 864 tubam
754 820 859 862 tremor
872 819 997 881 occupat
1011 811 1112 863 artus?

297 885 389 944 multa
403 885 462 944 dies
478 884 606 963 variique
621 885 700 943 labor
714 884 860 942 mutabilis
873 884 934 942 aevi

298 965 409 1025 rettulit
423 964 453 1024 in
468 965 591 1036 melius3
613 966 718 1024 multos
733 965 841 1024 alterna
854 965 978 1024 revisens

298 1046 365 1106 lusit
380 1063 409 1105 et
423 1047 454 1104 in
469 1047 560 1105 solido
574 1065 670 1106 rursus
685 1047 798 1105 fortuna
813 1044 927 1106 locavit.

297 1149 356 1187 nou
372 1127 426 1187 erit
441 1127 547 1187 auxilio
562 1127 645 1186 nobis
658 1127 778 1186 Aetolus
793 1142 822 1185 et
835 1125 925 1204 Arpi:

297 1225 325 1267 at
342 1210 489 1286 Messapus
505 1208 558 1267 erit
573 1208 701 1286 felixque
716 1207 892 1266 Tolumnius
907 1221 936 1266 et
949 1228 1020 1286 quos

297 1305 339 1348 tot
352 1289 453 1368 populi
467 1289 569 1348 misere
585 1289 691 1359 duces;
712 1308 767 1347 nec
781 1309 865 1366 parva
880 1305 1014 1367 sequetur
1130 1321 1167 1359 ῳ

296 1370 385 1444 gloria
399 1371 525 1429 delectos
540 1370 624 1430 Latio
639 1385 667 1430 et
682 1369 873 1428 Laurentibus
887 1369 968 1445 agris.

297 1466 382 1508 estet
397 1451 570 1510 Volscorum
586 1451 699 1527 egregia
712 1451 748 1508 de
761 1465 846 1526 gente
862 1450 993 1521 Camilla,

297 1550 397 1607 agmen
413 1549 497 1606 agens
513 1530 644 1609 equitum
660 1547 690 1590 et
705 1531 837 1590 florentes
851 1551 914 1590 aere
929 1548 1067 1591 catervas.

296 1611 410 1689 quodsi
426 1629 473 1669 me
487 1612 580 1669 solum
597 1611 709 1670 Teucri
724 1611 755 1670 in
770 1611 927 1671 certamina
938 1629 1074 1690 poscunt,

296 1692 384 1771 idque
398 1692 504 1770 placet,
519 1707 693 1770 tantumque
709 1692 790 1751 bonis
804 1692 1008 1752 communibus
1022 1694 1116 1766 obsto,

296 1793 355 1831 non
370 1774 440 1832 adeo
454 1775 502 1831 has
518 1793 600 1832 exosa
615 1793 717 1832 manus
732 1773 850 1832 victoria
864 1773 944 1848 fugit,

297 1870 330 1913 ut
344 1870 422 1914 tanta
435 1854 592 1933 quicquam
607 1875 660 1932 pro
674 1875 723 1933 spe
739 1869 878 1933 temptare
891 1874 1033 1914 recusem.

295 1935 344 1995 ibo
359 1936 460 1994 animis
474 1951 583 2007 contra,
599 1936 645 1995 vel
661 1953 797 2011 magnum
812 1950 933 2013 praestet
947 1935 1111 2006 Achillem,

296 2017 428 2095 factaque
444 2016 571 2076 Vulcani
587 2017 720 2075 manibus
735 2015 813 2095 paria
826 2016 928 2075 induat
942 2035 1019 2074 arma

296 2097 346 2155 ille
361 2097 439 2156 licet.
480 2097 561 2156 vobis
576 2097 702 2156 animam
717 2097 791 2156 hanc
807 2116 960 2174 soceroque
975 2096 1084 2154 Latino
1128 2127 1167 2164 440

296 2177 415 2236 Turnus
430 2197 491 2252 ego,
507 2179 585 2236 haud
601 2177 652 2236 ulli
668 2194 798 2237 veterum
813 2177 919 2238 virtute
934 2176 1089 2248 secundus,

295 2257 407 2317 devovi.
449 2259 570 2318 “solum
584 2260 697 2318 Aeneas
712 2275 795 2318 vocat
802 2257 835 2318 ’':
858 2275 886 2317 et
901 2273 985 2317 vocet
999 2279 1058 2316 oro.

296 2358 349 2396 nec
367 2338 497 2398 Drances
511 2339 615 2417 potius,
632 2339 691 2398 sive
707 2355 749 2398 est
763 2341 833 2398 haec
849 2340 889 2397 ira
902 2339 1032 2407 deorum,

295 2435 385 2477 morte
400 2420 469 2491 luat,
485 2420 543 2480 sive
558 2437 600 2478 est
616 2420 705 2480 virtus
721 2437 749 2478 et
763 2421 860 2496 gloria,
876 2419 976 2479 tollat.⁸

335 2499 378 2558 illi
393 2502 463 2559 haec
479 2501 554 2559 inter
569 2521 598 2560 se
613 2493 707 2560 dubiis
723 2501 758 2560 de
774 2502 858 2560 rebus
874 2501 994 2576 agebant

294 2596 452 2640 certantes:
474 2597 564 2640 castra
580 2583 694 2640 Aeneas
709 2582 858 2660 aciemque
872 2581 1016 2641 movebat.

290 2661 412 2720 nuntius
427 2660 537 2737 ingenti
552 2683 604 2739 per
619 2663 695 2738 regia
710 2678 785 2721 tecta
799 2663 928 2722 tumultu

293 2761 362 2800 ecce
377 2742 442 2814 ruit,
459 2743 624 2821 magnisque
641 2745 741 2803 urbem
758 2743 910 2803 terroribus
924 2743 1036 2820 inplet:

293 2820 445 2882 instructos
460 2824 520 2882 acie
537 2824 680 2883 Tiberino
695 2846 712 2883 a
725 2824 846 2884 flumine
861 2825 990 2884 Teucros

294 2901 535 2982 Tyrrhenamque
551 2923 669 2963 manum
685 2905 750 2963 totis
764 2906 938 2965 descendere
953 2904 1072 2982 campis.
1127 2933 1165 2970 4⁵0

293 2985 440 3061 extemplo
456 2985 560 3044 turbati
576 2986 674 3054 animi,
691 3005 886 3064 concussaque
900 2984 979 3062 vulgi

291 3079 415 3138 pectora,
432 3081 461 3124 et
475 3081 600 3125 arrectae
615 3065 737 3124 stimulis
751 3067 829 3125 haud
844 3065 978 3124 mollibus
992 3065 1060 3124 irae.
1251 3067 1252 3136 l

293 3161 369 3199 arma
385 3164 471 3204 manu
488 3146 593 3224 trepidi
608 3163 731 3224 poscunt
740 3169 750 3213 ;
771 3147 870 3205 fremit
884 3167 961 3205 arma
974 3145 1129 3214 iuventus;

292 3221 363 3280 flent
378 3226 477 3283 maesti
493 3243 679 3305 mussantque
692 3242 795 3304 patres.
837 3227 885 3285 hic
902 3226 1030 3305 undique
1046 3225 1154 3286 clamor
1251 3213 1252 3263 l

292 3301 419 3361 dissensu
436 3305 513 3364 vario
527 3326 646 3382 magnus
661 3327 690 3366 se
705 3306 782 3366 tollit
796 3307 827 3366 in
842 3328 940 3366 auras:

511 3412 559 3462 μς
578 3401 661 3448 varius.
727 3413 774 3465 455
788 3404 815 3450 ad
829 3417 901 3450 auras.
