2556 4116
418 326 620 376 GEORGICON
636 329 699 378 LlB.
716 330 730 378 1

157 479 272 530 verum,
288 457 338 518 ubi
353 472 506 536 tempestas
520 471 549 516 et
563 457 634 517 caeli
650 458 765 518 mobilis
780 479 861 517 umor

159 555 307 598 mutavere
321 538 380 596 vias
395 554 424 596 et
438 538 572 617 Iuppiter
587 538 687 597 uvidus
702 539 813 598 Austris

159 621 273 691 denset,
288 635 368 686 erant
383 641 456 697 quae
470 641 532 677 rara
547 620 643 690 modo,
658 635 696 690 et,
712 641 784 698 quae
799 621 895 692 densa,
910 624 1026 695 relaxat,

159 716 313 761 vertuntur
327 700 437 778 species
452 700 624 773 animorum,
640 716 668 759 et
682 716 799 778 pectora
814 718 907 762 motus
990 734 1028 772 420

160 803 239 840 nunc
255 782 333 854 alios,
350 781 429 852 alios,
443 781 514 840 dum
529 782 629 840 nubila
642 797 745 840 ventus
761 782 870 858 agebat,

160 862 353 940 concipiunt:
375 863 445 920 hinc
461 862 512 920 ille
527 862 622 920 avium
638 877 797 922 concentus
811 863 842 920 in
857 864 928 939 agris

160 959 191 1002 et
205 944 296 1001 laetae
310 943 436 1020 pecudes
452 958 481 1001 et
496 959 613 1002 ovantes
627 958 742 1019 gutture
757 943 845 1003 corvi.

201 1024 223 1081 si
238 1045 307 1082 vero
322 1024 411 1081 solem
427 1023 462 1082 ad
476 1025 607 1101 rapidum
622 1025 762 1102 lunasque
777 1040 929 1103 sequentes

159 1105 260 1164 ordine
275 1104 417 1180 respicies,
433 1124 592 1182 numquam
607 1121 635 1164 te
650 1105 771 1164 crastina
786 1105 868 1164 fallet

159 1188 240 1258 bora,
256 1205 350 1264 neque
365 1185 476 1243 insidiis
492 1185 584 1243 noctis
598 1186 712 1262 capiere
727 1207 852 1246 serenae.

159 1267 238 1339 luna,
254 1281 430 1324 revertentes
446 1285 514 1324 cum
528 1266 655 1344 primum
670 1267 780 1341 colligit
794 1267 883 1343 ignes,

160 1348 182 1406 si
198 1347 313 1422 nigrum
328 1346 447 1405 obscuro
462 1346 675 1424 comprenderit
690 1356 752 1405 aera
766 1367 864 1420 cornu,

160 1429 301 1486 maximus
317 1427 444 1503 agricolis
460 1427 618 1507 pelagoque
632 1427 779 1505 parabitur
792 1428 907 1497 imber;

160 1524 189 1566 at
203 1509 226 1566 si
241 1509 403 1584 virgineum
418 1508 570 1566 suffuderit
583 1529 631 1566 ore
644 1508 787 1582 ruborem,
990 1540 1029 1578 4³0

160 1604 262 1648 ventus
279 1589 354 1659 erit;
375 1603 465 1647 vento
480 1609 591 1666 semper
605 1589 690 1648 rubet
704 1610 787 1648 aurea
804 1591 930 1648 Phoebe.

160 1671 204 1728 sin
219 1686 284 1728 ortu
300 1686 566 1748 quarto-namque
581 1669 604 1728 is
619 1669 792 1728 certissimus
806 1685 948 1728 auctor—

159 1772 231 1828 pura
246 1771 341 1828 neque
356 1751 484 1809 obtunsis
498 1771 550 1828 per
565 1750 677 1809 caelum
691 1751 825 1809 cornibus
840 1750 904 1821 ibit,

161 1848 237 1890 totus
252 1848 282 1890 et
296 1830 347 1889 ille
361 1831 422 1890 dies
437 1847 465 1890 et
480 1831 529 1909 qui
545 1847 700 1890 nascentur
714 1831 815 1889 abillo

161 1929 295 1971 exactum
310 1912 345 1970 ad
360 1932 490 1971 mensem
504 1912 602 1988 pluvia
616 1911 766 1991 ventisque
781 1912 929 1983 carebunt,

160 2010 284 2072 votaque
299 1993 401 2050 servati
417 1993 531 2050 solvent
545 1993 575 2050 in
591 1992 674 2051 litore
690 2008 794 2052 nautae

161 2076 277 2133 Glauco
293 2089 322 2132 et
338 2075 488 2150 Panopeae
504 2090 532 2133 et
547 2075 621 2132 Inoo
638 2074 823 2134 Melicertae.

161 2155 201 2212 sol
216 2175 341 2234 quoque,
357 2169 386 2212 et
401 2154 532 2212 exoriens
548 2171 576 2212 et
591 2175 659 2213 cum
674 2176 704 2213 se
718 2155 826 2214 condet
840 2155 871 2212 in
887 2154 987 2226 undas,

161 2237 240 2312 signa
254 2235 334 2293 dabit
347 2260 356 2305 ;
378 2235 465 2293 solem
482 2234 639 2293 certissima
652 2235 732 2311 signa
746 2251 914 2313 sequuntur,

161 2333 190 2375 et
205 2337 278 2395 quae
292 2336 379 2374 mane
393 2316 481 2374 refert
496 2331 525 2374 et
540 2336 612 2393 quae
627 2316 809 2390 surgentibus
824 2315 914 2373 astris.
991 2345 1029 2382 440

161 2398 212 2455 ille
227 2397 275 2454 ubi
291 2414 460 2456 nascentem
475 2395 594 2466 maculis
609 2394 760 2456 variaverit
774 2411 870 2453 ortum

161 2478 294 2537 conditus
309 2477 340 2536 in
356 2479 464 2536 nubem
479 2477 634 2555 medioque
648 2475 786 2551 refugerit
800 2475 879 2546 orbe,

162 2559 286 2638 suspecti
303 2559 356 2617 tibi
371 2559 430 2616 sint
445 2559 549 2617 imbres
563 2583 572 2629 3
593 2578 720 2636 namque
734 2571 836 2632 urguet
851 2556 886 2614 ab
901 2555 962 2614 alto

162 2640 366 2718 arboribusque
381 2639 506 2717 satisque
521 2639 618 2697 Notus
632 2638 787 2716 pecorique
802 2636 923 2696 sinister.

160 2736 211 2780 aut
226 2721 276 2779 ubi
291 2721 344 2779 sub
359 2721 456 2778 lucem
472 2720 559 2778 densa
573 2719 649 2777 inter
664 2718 764 2777 nubila
779 2737 840 2776 sese

159 2801 265 2859 diversi
280 2816 418 2879 rumpent
432 2800 513 2872 radii,
529 2815 578 2858 aut
592 2799 642 2858 ubi
656 2798 764 2878 pallida
779 2813 873 2874 surget

159 2882 287 2941 Tithoni
302 2902 436 2940 croceum
451 2881 586 2959 linquens
599 2880 711 2938 Aurora
726 2879 838 2952 cubile,¹

158 2964 230 3033 heu,
244 2963 321 3020 male
337 2978 400 3021 tum
414 2961 497 3020 mites
512 2960 652 3019 defendet
665 2960 819 3039 pampinus
834 2981 901 3018 uvas
915 2985 924 3030 ;

160 3058 220 3101 tam
235 3043 329 3102 multa
342 3043 373 3100 in
389 3043 473 3102 tectis
488 3042 631 3119 crepitans
647 3041 712 3100 salit
726 3041 842 3099 horrida
856 3039 970 3117 grando.

157 3125 216 3182 hoc
232 3124 329 3196 etiam,
345 3145 462 3182 emenso
477 3143 543 3181 cum
558 3123 616 3180 iam
630 3121 745 3181 decedit
761 3123 899 3200 Olympo,
991 3147 1030 3186 ⁴⁵0

157 3204 303 3281 profuerit
317 3204 484 3263 meminisse
498 3203 587 3278 magis
600 3227 610 3273 ;
630 3223 697 3260 nam
712 3223 795 3280 saepe
810 3202 939 3260 videmus
987 3219 992 3230 ·

158 3285 251 3362 ipsius
266 3285 298 3342 in
313 3287 395 3344 vultu
410 3284 500 3343 varios
515 3304 606 3342 errare
621 3285 729 3342 colores
744 3306 751 3342 :

159 3366 310 3424 caeruleus
324 3366 453 3444 pluviam
467 3364 631 3438 denuntiat,
647 3365 746 3442 igneus
761 3365 850 3423 Euros
865 3387 873 3432 3
