2556 4116
393 326 737 376 BUCOLICA.ECL.V11
991 339 1018 385 17

154 461 270 541 aspicio.
313 458 363 516 ille
379 457 428 516 ubi
443 477 489 516 me
504 473 604 516 contra
617 455 731 526 videt,‘
739 455 836 526 ocius,’
852 456 956 533 inquit,

133 546 209 602 ‘huc
226 542 303 611 ades,
317 561 335 598 o
350 539 522 609 Meliboee;
543 558 627 615 caper
642 537 694 596 tibi
709 537 801 596 salvus
816 552 845 596 et
859 536 965 596 haedi
958 581 966 606 ,

154 641 191 694 et,
208 644 230 681 sr
222 620 316 700 quid
330 640 437 678 cessare
452 634 540 697 potes,
556 619 703 698 requiesce
718 618 770 676 sub
785 618 894 677 umbra.
998 647 1022 674 ιο

153 703 234 764 huc
227 702 281 780 1psi
296 717 397 778 potum
412 700 532 759 venient
545 721 597 793 per
610 715 689 778 prata
703 699 840 758 iuvenci·
832 743 841 768 ,

153 785 201 844 hic
217 783 321 842 virides
336 795 436 840 tenera
450 781 591 858 praetexit
605 779 800 839 harundine
779 800 851 858 ripas

154 864 298 934 Mincius,
313 883 386 940 eque
401 883 478 920 sacra
491 877 627 920 resonant
641 861 773 920 examina
787 859 914 939 quercu!

155 946 226 1025 quid
254 946 401 1002 facerem?
436 963 531 1021 neque
559 963 612 1018 ego
634 943 779 1020 Alcippen
806 962 860 1001 nec
891 942 1023 1020 Phyllida

236 1026 387 1095 habebam,

154 1107 287 1185 depulsos
302 1127 318 1164 a
332 1107 407 1164 lacte
421 1105 499 1163 dorni
515 1125 588 1183 quae
603 1104 749 1164 clauderet
764 1124 859 1180 agnos,

155 1205 184 1248 et
198 1201 345 1246 certamen
360 1202 429 1256 erat,
446 1186 580 1262 Corydon
597 1205 664 1244 cum
680 1186 833 1262 Thyrside,
847 1205 993 1262 magnum.

155 1268 307 1348 posthabui
322 1283 419 1326 tamen
435 1267 553 1325 illorum
568 1285 632 1324 mea
646 1267 718 1324 seria
731 1266 810 1326 ludo.

155 1349 292 1408 alternis'
285 1349 371 1424 igitur
386 1346 562 1406 contendere
578 1346 703 1405 versibus
718 1347 802 1405 ambo

155 1451 298 1508 coepere;
319 1431 451 1488 alternos
458 1429 562 1486 Musae
578 1427 741 1486 meminisse
755 1428 900 1488 volebant.

154 1515 205 1572 hos
221 1510 368 1586 Corydon,
382 1509 447 1566 illos
462 1509 624 1566 referebat
617 1529 647 1566 tn
662 1509 762 1566 ordine
777 1509 906 1586 Thyrsis.
998 1538 1024 1567 ω

197 1593 234 1650 C.
255 1592 420 1668 Nymphae,
441 1604 537 1648 noster
557 1609 646 1660 amor,
668 1589 860 1661 Libethrides,
875 1606 923 1649 aut
940 1589 1021 1661 mihi,

235 1693 349 1730 carmen

153 1751 237 1833 quale
253 1773 319 1811 meo
334 1752 432 1811 Codro
447 1751 600 1810 concedite
616 1777 625 1822 ς
647 1751 777 1828 proxima
792 1751 901 1809 Phoebi

152 1835 279 1893 versibus
293 1833 343 1891 ille
358 1833 428 1892 facit
442 1858 450 1903 ;
472 1847 531 1903 aut,
546 1833 568 1890 si
585 1853 644 1890 non
660 1851 808 1908 possumus
822 1851 930 1903 omnes,

153 1916 200 1974 hic
216 1929 313 1990 arguta
328 1934 406 1972 sacra
421 1913 560 1991 pendebit
577 1913 671 1971 fistula
685 1911 766 1990 pinu.

198 1997 230 2055 T.
251 2011 385 2072 pastores,
400 1994 505 2052 hedera
521 2009 701 2053 crescentem
717 2007 815 2053 ornate
830 2011 953 2071 poetam,

153 2076 286 2148 Arcades,
301 2075 410 2135 invidia
425 2091 597 2153 rumpantur
613 2088 645 2134 ut
659 2075 709 2132 ilia
723 2075 841 2144 Codr03

153 2172 211 2228 aut,
225 2157 247 2216 si
263 2157 338 2216 ultra
351 2157 491 2234 placitum
506 2156 640 2228 laudarit,
656 2156 773 2215 baccare
789 2157 914 2214 frontem

154 2239 269 2314 cingite,
285 2257 323 2296 ne
338 2238 395 2296 vati
411 2252 514 2296 noceat
531 2237 605 2295 mala
620 2201 719 2311 lingua
733 2238 840 2296 futuro

196 2322 232 2379 C.
252 2318 351 2378 saetosi
366 2334 452 2397 caput
466 2319 521 2376 hoc
538 2339 597 2395 apri
590 2317 675 2387 'tibi,
691 2317 784 2388 Delia,
798 2337 902 2396 parvus

153 2415 182 2494 et
195 2421 304 2458 ramosa
320 2401 425 2458 Micon
441 2398 546 2458 vivacis
563 2418 670 2457 cornua
685 2398 771 2458 cervi.
998 2430 1024 2468 30

96 2543 97 2548 χ
153 2481 174 2539 si
189 2481 335 2560 proprium
350 2483 406 2540 hoc
422 2479 517 2551 fuerit,
536 2480 592 2539 levi
609 2480 645 2539 de
660 2479 799 2538 marmore
814 2495 874 2539 tota

152 2563 277 2639 puniceo
292 2562 376 2620 stabis
391 2583 467 2620 suras
483 2561 598 2620 evincta
613 2563 765 2620 cothurno.

197 2644 229 2703 T.
250 2643 346 2701 sinum
361 2643 442 2700 lactis
459 2658 488 2701 et
502 2643 573 2700 haec
592 2657 620 2700 te
636 2642 703 2714 liba,
721 2642 831 2719 Priape,
847 2640 999 2721 quotannis

153 2740 316 2801 exspectare
331 2739 372 2782 sat
387 2739 450 2782 est:
473 2738 568 2782 custos
584 2745 613 2782 es
628 2723 759 2803 pauperis
773 2723 860 2782 horti.

152 2824 231 2862 nunc
246 2821 274 2863 te
289 2813 480 2863 marmoreum
495 2826 546 2882 pro
563 2820 691 2882 tempore
706 2805 826 2863 fecimus
839 2829 848 2874 3
869 2820 897 2862 at
912 2820 952 2877 tu,

152 2885 173 2943 si
189 2884 281 2944 fetura
294 2905 408 2961 gregem
424 2885 608 2963 suppleverit,
626 2906 726 2944 aureus
741 2901 810 2944 esto.

196 2968 231 3026 C.
254 2966 365 3024 Nerine
382 2967 511 3037 Galatea,
529 2968 630 3043 thymo
645 2966 718 3025 mihi
733 2966 845 3025 dulcior
859 2965 986 3044 Hyblae,

152 3047 300 3105 candidior
314 3047 423 3124 cycnis,
438 3047 543 3105 hedera
559 3047 708 3105 formosior
722 3047 793 3118 alba,

153 3147 221 3186 cum
235 3127 361 3205 primum
375 3127 447 3206 pasti
463 3143 597 3204 repetent
612 3129 757 3206 praesepia
771 3131 854 3202 tauri,

152 3207 173 3265 si
189 3229 245 3286 qua
259 3208 300 3266 tui
316 3208 477 3286 Corydonis
491 3209 579 3266 habet
594 3223 622 3266 te
638 3229 715 3280 cura,
729 3209 837 3270 venito.
997 3239 1023 3276 40

100 3331 104 3338 ·
197 3289 231 3348 T.
252 3289 343 3347 immo
357 3308 409 3364 ego
424 3288 567 3346 Sardoniis
582 3289 680 3347 videar
695 3289 748 3348 tibi
763 3291 882 3349 amarior
895 3289 999 3359 herbis,

151 3369 291 3428 horridior
305 3389 398 3440 rusco,
413 3369 539 3446 proiecta
554 3369 639 3429 vilior
652 3371 723 3446 alga,

557 3471 574 3510 c
