2562 4114
410 341 578 390 AENEIDOS
595 343 659 392 LIB.
676 342 714 390 XI
968 355 1014 412 337Ι

150 470 227 532 baud
241 491 322 530 secus
336 485 423 549 atque
437 470 495 530 alto
508 469 539 528 in
554 469 622 529 luco
636 489 704 528 cum
720 470 792 530 forte
807 486 938 530 catervae
961 511 965 518 ·

151 553 307 612 consedere
321 552 426 622 avium,
440 551 587 630 piscosove
602 571 686 610 amne
702 551 827 610 Padusae

150 633 222 702 dant
236 632 361 692 sonitum
375 631 454 692 rauci
468 653 519 711 per
533 648 631 709 stagna
644 631 775 710 loquacia
789 633 884 708 cycni.

132 713 261 785 ‘immo,'
276 713 324 784 ait,
340 720 376 772 ‘o
391 713 487 784 civea'
502 729 612 790 arrepto
627 729 756 789 tempore
771 713 900 786 Turnus,
991 771 994 778 ,

132 793 244 869 ‘cogite
259 793 427 864 concilium,
441 809 470 853 et
483 813 585 872 pacem
600 793 712 852 laudate
727 793 873 853 sedentes:
979 814 1017 863 ,⁶0

151 873 194 933 illi
210 874 294 934 armis
308 873 339 933 in
353 895 439 950 regna
452 874 556 934 ruant?
598 894 653 933 nec
667 874 752 952 plura
765 875 878 934 locutus

152 955 289 1034 corripuit
303 976 362 1014 sese
377 971 405 1014 et
420 955 503 1014 tectis
517 955 591 1014 citus
606 955 711 1014 extulit
725 955 798 1014 altis.

131 1042 193 1107 ‘tu,
207 1035 327 1107 Voluse,
341 1035 442 1095 armari
458 1036 632 1095 Volscorum
647 1035 727 1094 edice
742 1035 894 1114 maniplis;

150 1115 226 1187 duc,'
240 1117 288 1189 ait,
305 1125 351 1176 ‘et
366 1117 501 1177 Rutulos.
543 1116 680 1194 equitem,
697 1117 856 1194 Messapus,
872 1117 903 1176 in
923 1116 1015 1190 armis,

152 1212 180 1255 et
195 1197 362 1256 cumfratre
378 1197 475 1270 Coras,
490 1197 554 1256 latis
569 1196 722 1256 diffundite
737 1195 853 1274 campis.

150 1298 213 1356 pars
226 1277 318 1337 aditus
333 1277 409 1336 urbis
424 1277 518 1336 firmet
532 1294 679 1355 turresque
694 1293 836 1354 capessat:

152 1373 256 1429 cetera,
270 1380 326 1437 qua
341 1358 425 1430 iusso,
441 1377 556 1417 mecum
571 1379 672 1417 manus
686 1358 789 1418 inferat
803 1358 897 1418 arma?

151 1438 232 1498 ilicet
245 1438 276 1496 in
291 1459 386 1498 muros
402 1453 461 1497 tota
475 1438 642 1497 discurritur
656 1438 737 1498 urbe.

151 1519 310 1578 concilium
324 1518 384 1596 ipse
399 1535 479 1597 pater
493 1534 522 1578 et
536 1537 639 1594 magna
652 1515 768 1596 incepta
782 1517 903 1578 Latinus

151 1599 253 1658 deserit
268 1620 300 1658 ac
315 1599 388 1658 tristi
403 1599 531 1658 turbatus
546 1615 675 1676 tempore
689 1599 793 1670 differt,
979 1629 1017 1668 470

150 1681 300 1759 multaque
314 1701 343 1739 se
357 1679 478 1753 incusat,
493 1679 543 1757 qui
559 1700 617 1738 non
632 1679 775 1756 acceperit
790 1680 866 1738 ultro

150 1761 329 1820 Dardanium
343 1761 472 1830 Aenean,
487 1779 683 1837 generumque
698 1759 847 1818 adsciverit
862 1760 936 1820 urbi.

149 1841 332 1919 praefodiunt
346 1840 394 1899 alii
409 1857 513 1917 portas,
527 1854 576 1899 aut
590 1860 656 1898 saxa
669 1840 808 1916 sudesque

150 1921 328 1980 subvectant.
370 1921 447 1978 bello
461 1920 508 1978 dat
524 1919 638 1995 signum
653 1939 737 1978 rauca
751 1935 906 1978 cruentum

150 2001 267 2060 bucina.
308 2016 371 2058 turn
386 2019 480 2058 muros
496 1999 571 2057 varia
586 1999 702 2059 cinxere
718 2019 822 2058 corona

150 2097 295 2140 matronae
309 2080 468 2158 puerique;
490 2095 573 2138 vocat
588 2079 667 2138 labor
682 2080 800 2140 ultimus
814 2101 921 2141 omnes.
950 2125 953 2132 -

150 2182 205 2221 nec
220 2182 279 2220 non
294 2161 329 2220 ad
344 2161 487 2238 templum
502 2180 682 2238 summasque
697 2161 732 2220 ad
748 2161 870 2221 Palladis
885 2183 963 2222 arces

150 2241 318 2302 subvehitur
332 2261 433 2318 magna
447 2256 571 2300 matrum
586 2242 682 2317 regina
696 2258 817 2313 caterva,

150 2323 225 2382 dona
239 2323 343 2394 ferens,
359 2322 497 2400 iuxtaque
512 2342 607 2382 comes
622 2322 741 2381 Lavinia
754 2323 841 2399 virgo,

150 2424 233 2462 causa
248 2402 316 2461 mali
331 2403 413 2474 tanti,
427 2403 526 2462 oculos
541 2403 653 2462 deiecta
666 2403 793 2462 decoros.
979 2421 1019 2472 480

150 2484 311 2543 succedunt
325 2499 438 2554 matres,
453 2501 482 2544 et
497 2485 638 2561 templum
653 2499 715 2543 ture
730 2501 876 2562 vaporant,

151 2580 179 2623 et
192 2579 310 2623 maestas
324 2565 382 2624 alto
397 2564 524 2623 fundunt
538 2565 574 2624 de
588 2563 690 2623 limine
705 2585 805 2624 voces:

131 2645 332 2723 ‘armipotens,
345 2665 456 2724 praeses
471 2645 549 2716 belli,
566 2645 699 2704 Tritonia
713 2646 801 2722 virgo,

150 2725 248 2801 frange
262 2745 349 2784 manu
365 2726 457 2785 telum
473 2725 587 2802 Phrygii
603 2726 761 2804 praedonis,
776 2741 805 2786 et
819 2725 912 2802 ipsum

149 2826 274 2883 pronum
289 2822 382 2865 sterne
396 2807 466 2877 solo,
480 2806 626 2884 portisque
642 2807 758 2866 effunde
774 2806 827 2865 sub
840 2805 923 2866 altis!

151 2886 275 2961 cingitur
289 2886 349 2964 ipse
363 2887 460 2958 furens
475 2886 605 2945 certatim
620 2887 651 2945 in
665 2886 775 2964 proelia
789 2888 919 2948 Turnus.

150 2966 263 3044 iamque
277 2966 347 3025 adeo
361 2967 481 3026 rutilum
496 2969 610 3026 thoraca
625 2967 742 3027 indutus
758 2967 835 3026 aenis

150 3047 283 3106 horrebat
297 3048 428 3125 squamis,
444 3068 576 3126 surasque
592 3047 747 3107 incluserat
761 3069 838 3119 auro,

150 3143 278 3205 tempora
292 3127 387 3186 nudus
400 3129 506 3199 adhuc,
521 3128 661 3206 laterique
676 3129 839 3188 accinxerat
855 3150 962 3201 ensem,

150 3207 335 3285 fulgebatque
350 3209 406 3267 alta
420 3209 575 3268 decurrens
589 3229 690 3268 aureus
704 3229 776 3280 arce,
980 3239 1019 3280 ⁴90

140 3317 189 3377 466
207 3317 302 3366 firment
320 3352 326 3367 .
344 3353 350 3366 .
369 3352 375 3367 .
393 3327 517 3380 capessant.
583 3319 632 3379 480
648 3319 803 3370 maliatantia.
837 3321 893 3369 mali
906 3320 985 3369 tantia.

347 3383 394 3445 483
412 3399 524 3444 praesens.
589 3383 637 3445 487
654 3385 779 3434 Rutulum.

263 3471 266 3478 ·
556 3469 573 3506 z
