2558 4112
237 383 281 448 156
508 380 536 432 s.
553 379 695 430 vsuonr
713 379 872 431 MARoms

274 530 304 573 et
319 515 439 573 tandem
455 512 522 572 laeti
538 513 680 571 sociorum
694 512 865 571 ulciscimur
878 511 1002 573 umbras.

274 596 323 654 sed
337 594 441 671 fugite,
456 614 474 652 o
489 593 594 666 miseri,
610 593 702 669 fugite
717 607 804 672 atque
819 593 855 652 ab
871 592 956 652 litore
970 595 1072 654 funem

273 675 408 753 rumpite.
1107 695 1145 746 ⁶40

273 777 342 816 nam
356 755 448 835 qualis
465 770 646 834 quantusque
662 775 732 813 cavo
749 753 944 832 Polyphemus
957 754 988 814 in
1003 771 1086 815 antro

273 838 414 913 lanigeras
429 836 540 895 claudit
554 835 683 915 pecudes
698 850 785 913 atque
800 835 887 894 ubera
902 853 1018 913 pressat,

272 931 393 978 centum
408 916 457 976 alii
474 935 561 975 curva
574 919 647 975 haec
663 915 796 975 habitant
811 916 847 975 ad
861 915 945 976 litora
958 918 1045 994 vulgo

271 999 385 1058 infandi
402 998 557 1077 Cyclopes,
574 1015 604 1058 et
618 997 683 1056 altis
698 997 845 1056 montibus
860 1012 965 1057 errant.

272 1080 357 1140 tertia
371 1080 429 1138 iam
444 1079 531 1138 lunae
546 1100 575 1138 se
591 1099 699 1138 cornua
714 1077 826 1136 lumine
841 1079 1002 1156 complent,

272 1180 340 1220 cum
354 1160 444 1220 vitam
458 1159 490 1217 in
505 1159 584 1218 silvis
598 1160 676 1219 inter
691 1159 802 1217 deserta
816 1158 941 1217 ferarum

272 1244 362 1300 lustra
360 1241 535 1334 domosque
550 1243 642 1314 traho,
660 1255 810 1318 vastosque
824 1239 860 1298 ab
875 1260 945 1317 rupe
962 1240 1105 1318 Cyclopas

271 1321 416 1400 prospicio
431 1321 615 1400 sonitumque
629 1321 740 1400 pedum
755 1340 915 1399 vocemque
931 1336 1080 1380 tremesco.

271 1402 384 1461 victum
399 1401 560 1494 infelicem,
576 1403 659 1461 bacas
676 1401 861 1480 lapidosaque
876 1421 973 1474 corna,

271 1483 344 1540 dant
358 1482 440 1553 rami,
457 1497 485 1540 et
499 1483 588 1541 vulsis
604 1499 726 1560 pascunt
741 1482 884 1541 radicibus
898 1481 1013 1541 herbae.
1104 1501 1140 1549 ⁶50

272 1561 369 1621 omnia
384 1563 555 1620 collustrans
569 1564 646 1621 hanc
664 1563 790 1641 primum
805 1562 843 1622 ad
857 1563 941 1622 litora
957 1564 1077 1622 classem

272 1643 411 1720 conspexi
427 1643 606 1702 venientem.
649 1643 718 1702 huic
733 1663 790 1716 me,
807 1655 1007 1722 quaecumque
1022 1644 1128 1716 fuisset,

273 1724 392 1782 addixi:
415 1724 479 1782 satis
494 1739 537 1783 est
550 1740 669 1800 gentem
685 1724 816 1800 effugisse
832 1724 997 1784 nefandam.

272 1825 323 1864 vos
337 1804 465 1864 animam
479 1807 555 1864 banc
570 1805 666 1883 potius
682 1825 866 1884 quocumque
881 1805 1023 1864 absumite
1038 1805 1116 1864 leto.’

313 1885 362 1944 vix
377 1906 410 1944 ea
424 1886 497 1944 fatus
514 1901 583 1959 erat,
600 1906 712 1944 summo
728 1906 795 1944 cum
810 1902 910 1945 monte
924 1885 1056 1946 videmus

273 1967 367 2044 ipsum
382 1967 459 2025 inter
473 1967 600 2044 pecudes
616 1982 694 2026 vasta
710 1987 739 2025 se
754 1967 831 2026 mole
846 1983 1015 2025 moventem

273 2062 415 2125 pastorem
431 2046 654 2124 Polyphemum,
672 2064 701 2107 et
715 2047 798 2106 litora
814 2064 882 2107 nota
897 2063 1056 2124 petentem,

274 2142 434 2186 monstrum
462 2128 650 2200 horrendum,
672 2127 806 2202 informe,
828 2128 939 2205 ingens,
964 2128 1012 2188 cui
1040 2129 1140 2187 lumen

355 2207 532 2286 ademptum.

273 2305 375 2348 trunca
389 2308 478 2347 manu
493 2288 578 2368 pinus
593 2289 667 2366 regit
682 2305 711 2348 et
725 2289 843 2367 vestigia
857 2290 970 2363 firmat3

273 2369 419 2446 lanigerae
434 2369 612 2450 comitantur
626 2391 693 2429 oves
706 2395 715 2443 3
737 2391 769 2429 ea
783 2371 842 2430 sola
856 2372 990 2450 voluptas
1104 2388 1143 2429 ⁶60

273 2452 458 2530 solamenque
473 2451 552 2510 mali.

272 2547 424 2611 postquam
440 2533 511 2590 altos
527 2531 622 2608 tetigit
638 2531 741 2600 fluctus
758 2548 787 2591 et
802 2533 838 2591 ad
852 2537 975 2611 aequora
989 2531 1079 2604 venit,

273 2613 393 2672 luminis
408 2613 500 2671 effossi
516 2611 640 2670 liuidum
656 2613 725 2672 lavit
739 2612 814 2678 inde
822 2616 954 2672 cruorem

272 2693 408 2753 dentibus
420 2693 590 2752 infrendens
605 2693 725 2770 gemitu,
741 2695 924 2773 graditurque
937 2715 990 2772 per
1004 2701 1111 2772 aequor

272 2773 330 2832 iam
345 2774 485 2847 medium,
502 2774 630 2833 necdum
644 2773 748 2834 fluctus
764 2776 853 2834 latera
868 2775 956 2834 ardua
970 2773 1068 2854 linxit.

273 2874 325 2913 nos
339 2856 441 2932 procul
456 2820 526 2914 iride
541 2855 640 2931 fugam
655 2855 761 2934 trepidi
776 2851 915 2915 celerare
915 2870 1034 2940 recepto

273 2936 441 3029 supplice
420 2957 461 2996 sic
476 2936 591 3008 merito,
607 2933 747 3014 tacitique
761 2937 893 2996 incidere
908 2922 1043 3008 funem,
1117 2968 1119 2972 >

273 3015 411 3075 verrimus
427 3032 457 3076 et
471 3037 556 3110 prom
548 3017 750 3076 certantibus
764 3024 887 3111 aequora
901 3016 997 3076 remis.

273 3095 371 3170 sensit,
388 3112 417 3155 et
433 3098 469 3156 ad
484 3097 612 3157 sonitum
627 3097 705 3157 vocis
720 3097 838 3175 vestigia
854 3097 943 3158 torsit.

274 3196 374 3235 verum
390 3177 440 3236 ubi
456 3179 538 3244 nulla
553 3179 637 3238 datur
651 3179 752 3237 dextra
767 3179 915 3238 adfectare
928 3191 1064 3256 potestas,

275 3277 330 3315 nec
344 3257 421 3334 potis
436 3259 533 3317 Ionios
548 3259 652 3318 fluctus
668 3279 790 3338 aequare
804 3260 963 3338 sequendo,

275 3337 456 3397 clamorem
447 3358 613 3399 inmensum
629 3340 715 3412 tollit,
731 3359 789 3418 quo
802 3355 910 3418 pontus
926 3355 955 3398 et
969 3357 1071 3398 omnes

301 3429 348 3494 659
366 3445 473 3478 manum.
507 3429 553 3494 ⁶65
571 3431 651 3480 fluctu.
686 3431 732 3479 668
750 3431 871 3483 vertimus.
905 3432 953 3494 670
971 3433 1085 3481 dextram.
