2568 4114
419 357 585 406 AENEIDOS
600 358 665 406 LIB.
682 358 747 406 VIII

167 505 197 550 at
212 489 294 549 furiis
310 488 382 548 Caci
397 507 479 546 mens
495 488 589 560 effera,
606 509 644 546 ne
659 488 729 567 quid
743 487 878 548 inausum

168 585 218 630 aut
232 570 421 629 intractatum
435 569 586 628 scelerisve
601 569 698 628 dolive
713 569 824 642 fuisset,

167 666 305 730 quattuor
319 672 335 710 a
350 649 468 710 stabulis
482 650 640 728 praestanti
656 671 776 728 corpore
791 667 886 710 tauros

167 732 281 804 avertit,
297 731 420 791 totidem
434 731 527 790 forma
540 746 697 809 superante
711 731 867 790 iuvencas:

165 828 253 892 atque
267 814 328 884 hos,
344 832 381 871 ne
395 833 453 891 qua
466 812 564 870 forent
578 812 700 890 pedibus
716 812 835 888 vestigia
849 812 944 885 rectis,

164 893 258 953 cauda
271 893 302 952 in
317 894 486 971 speluncam
500 908 606 952 nactos
621 892 768 971 versisque
782 893 894 954 viarum
997 925 1035 950 ,ιο

163 974 281 1033 indiciis
296 989 390 1053 raptos
405 994 473 1032 saxo
487 975 654 1033 occultabat
669 995 770 1052 opaco.

164 1055 315 1134 quaerenti
331 1055 413 1114 nulla
427 1055 464 1112 ad
478 1054 648 1133 speluncam
664 1055 743 1130 signa
758 1055 900 1115 ferebant.

163 1136 286 1209 interea,
301 1156 369 1195 curn
384 1135 442 1194 iam
457 1135 576 1194 stabulis
592 1150 717 1194 saturata
732 1151 863 1196 moveret

163 1216 443 1295 Amphitryoniades
456 1230 588 1275 armenta
603 1215 774 1294 abitumque
788 1230 911 1294 pararet,

163 1297 290 1357 discessu
305 1297 416 1374 mugire
429 1297 527 1370 boves,
541 1312 632 1374 atque
647 1317 735 1356 omne
749 1297 888 1376 querellis

163 1378 269 1457 inpleri
285 1398 397 1450 nemus,
413 1393 443 1437 et
457 1379 546 1437 colles
561 1379 689 1438 clamore
703 1377 841 1456 relinqui.

163 1459 292 1518 reddidit
306 1479 363 1518 una
378 1459 467 1518 boum
480 1479 583 1518 vocem
598 1475 735 1539 vastoque
750 1457 803 1518 sub
816 1473 900 1518 antro

164 1539 268 1616 mugiit
284 1555 313 1599 et
328 1539 399 1599 Caci
414 1561 494 1618 spem
509 1539 654 1600 custodita
669 1540 787 1599 fefellit.

163 1620 213 1678 hic
227 1641 296 1679 vero
309 1621 432 1681 Alcidae
447 1621 530 1680 furiis
546 1636 690 1680 exarserat
703 1636 766 1680 atro

164 1698 234 1760 felle
249 1702 350 1773 dolor;
371 1702 446 1780 rapit
461 1722 538 1760 arma
553 1723 642 1761 manu
657 1701 800 1780 nodisque
814 1716 963 1776 gravatum
997 1731 1034 1758 220

163 1783 260 1854 robur,
276 1798 305 1842 et
319 1783 387 1840 aerii
402 1803 486 1842 cursu
502 1783 577 1860 petit
592 1783 681 1840 ardua
694 1781 812 1841 montis.

164 1878 227 1922 tum
241 1863 368 1940 primum
383 1863 473 1921 nostri
489 1863 602 1922 Cacum
617 1861 753 1920 videre
732 1876 887 1920 umentem

165 1944 371 2023 turbatumque
385 1943 497 2014 oculis3
519 1943 593 2018 fugit
605 1942 689 2000 ilicet
703 1942 783 2001 ocior
797 1943 874 2001 Euro

101 2051 106 2062 ·
164 2024 391 2116 speluncamque
406 2023 499 2100 petit;
521 2023 645 2116 pedibus
660 2023 748 2082 timor
762 2022 875 2081 addidit
889 2023 956 2082 alas.

163 2120 197 2163 ut
211 2125 271 2164 sese
285 2103 413 2175 inclusit,
428 2103 578 2181 ruptisque
593 2104 711 2162 inmane
726 2103 836 2163 catenis

162 2185 273 2244 deiecit
287 2205 395 2256 saxum,
411 2185 487 2242 ferro
502 2185 581 2262 quod
596 2199 626 2243 et
640 2199 701 2243 arte
715 2201 836 2262 paterna

162 2265 320 2344 pendebat,
335 2265 482 2343 fultosque
498 2265 623 2324 emuniit
637 2265 721 2323 obice
735 2281 841 2342 postes,

163 2366 233 2406 ecce
248 2346 347 2404 furens
360 2345 465 2405 animis
480 2346 579 2405 aderat
594 2345 779 2423 Tirynthius,
794 2365 971 2425 omnemque

163 2447 309 2486 accessum
324 2428 446 2485 lustrans
461 2428 519 2489 huc
535 2448 583 2485 ora
598 2425 711 2486 ferebat
726 2442 755 2487 et
769 2427 850 2499 illuc,

162 2507 299 2566 dentibus
311 2508 503 2566 infundens,
537 2521 582 2566 ter
596 2524 689 2567 totum
703 2507 831 2567 fervidus
845 2507 887 2566 ira
993 2538 1031 2576 230

163 2588 264 2647 lustrat
277 2587 420 2647 Aventini
435 2604 588 2660 montem
610 2604 653 2647 ter
667 2609 750 2646 saxea
766 2602 888 2666 temptat

163 2669 266 2728 limina
280 2669 476 2748 nequiquam
497 2685 542 2728 ter
557 2671 647 2728 fessus
661 2670 737 2730 valle
750 2669 866 2729 resedit.

162 2749 255 2807 stabat
269 2766 353 2809 acuta
371 2751 453 2823 silex,
468 2750 604 2829 praecisis
620 2749 749 2829 undique
764 2750 837 2808 saxis

162 2830 318 2906 speluncae
333 2832 416 2890 dorso
431 2831 590 2908 insurgens,
606 2831 743 2890 altissima
757 2831 829 2902 visu,

161 2910 289 2970 dirarum
304 2911 378 2972 nidis
393 2913 493 2972 domus
510 2927 673 2990 opportuna
688 2912 849 2972 volucrum.

161 2993 247 3064 hanc,
262 3008 295 3051 ut
309 3013 400 3070 prona
416 2993 483 3070 iugo
497 2994 614 3052 laevum
628 2992 818 3052 incumbebat
832 2993 869 3050 ad
883 3012 1000 3052 amnem

161 3072 264 3132 dexter
277 3073 309 3130 in
324 3073 474 3133 adversum
489 3075 586 3133 nitens
602 3072 756 3145 concussit,
771 3088 802 3132 et
815 3073 880 3132 imis

160 3153 290 3212 avulsam
305 3155 390 3213 solvit
404 3155 565 3225 radicibus3
587 3154 656 3213 inde
671 3168 792 3232 repente

159 3233 288 3311 inpulit3
309 3234 425 3312 inpulsu
441 3257 498 3314 quo
513 3236 656 3294 maximus
671 3235 788 3294 intonat
802 3237 912 3308 aether,

160 3314 315 3374 dissultant
329 3315 417 3393 ripae,
432 3316 585 3395 refluitque
601 3320 753 3375 exterritus
769 3316 869 3376 amnis.
991 3345 1028 3383 240

153 3426 203 3460 212
221 3399 391 3475 quaerentes.¹
429 3428 474 3462 221
494 3413 597 3462 aetherii.
663 3428 711 3476 223
731 3414 803 3464 oculi.
866 3424 914 3472 239
933 3411 1034 3461 insonat.
