2568 4138
450 341 614 388 Anuninos
631 341 694 390 nm.
712 341 736 387 x
998 354 1043 402 323

177 469 294 539 vellere,
308 484 337 527 et
352 484 487 543 urguetur
500 490 598 546 pugna
612 489 776 544 congressus
790 468 898 547 iniqua,

178 550 269 608 multa
283 569 402 608 movens
416 549 512 608 animo
526 550 582 608 iam
598 551 714 608 tandem
730 550 863 626 erumpit,
880 566 908 608 et
923 550 997 609 inter
1008 567 1046 619 890

179 629 321 688 bellatoris
335 630 402 708 equi
414 651 482 688 cava
496 647 626 708 tempora
640 630 748 689 conicit
761 632 879 690 hastam.
925 655 926 658 ¹

178 711 255 769 tollit
269 731 298 768 se
313 727 454 770 arrectum
469 713 640 790 quadrupes,
657 727 686 770 et
701 710 827 770 calcibus
842 732 920 770 auras

177 790 317 862 verberat,
332 793 511 871 effusumque
528 793 656 871 equitem
672 813 756 869 super
769 791 830 869 ipse
845 809 958 852 secutus

177 871 308 949 inplicat,
323 873 474 951 eiectoque
489 873 635 932 incumbit
650 893 773 932 cernuus
788 893 874 933 armo.

177 953 301 1012 clamore
315 953 476 1012 incendunt
492 954 604 1012 caelum
622 955 770 1032 Troesque
786 953 950 1032 Latinique.

177 1033 289 1092 advolat
303 1035 416 1093 Aeneas
430 1035 590 1113 vaginaque
605 1035 689 1111 eripit
704 1054 811 1104 ensem,

177 1130 207 1172 et
221 1134 304 1194 super
318 1116 388 1174 haec
403 1137 410 1172 :
432 1115 500 1173 ‘ubi
516 1135 594 1173 nunc
613 1115 778 1174 Mezentius
794 1135 867 1186 acer,
882 1131 911 1174 et
925 1115 975 1173 illa

177 1195 262 1254 effera
276 1195 318 1254 vis
333 1196 421 1254 animi
433 1193 459 1254 i'
503 1211 602 1256 contra
618 1196 795 1272 Tyrrhenus,
812 1212 844 1254 ut
859 1216 937 1253 auras

177 1275 334 1352 suspiciens
348 1277 442 1334 hausit
458 1277 582 1348 caelum,
598 1291 784 1355 mentemque
798 1276 906 1353 recepit
920 1299 927 1336 :

158 1357 265 1416 ‘hostis
280 1377 383 1429 amare,
398 1358 467 1436 quid
481 1358 643 1435 increpitas,
661 1373 839 1436 mortemque
854 1356 992 1416 minaris?

176 1439 293 1498 nullum
308 1439 338 1497 in
354 1439 442 1498 caede
457 1441 535 1498 nefas
549 1464 558 1509 ;
581 1460 635 1498 nec
651 1440 690 1498 sic
706 1439 742 1498 ad
757 1439 866 1516 proelia
880 1437 947 1497 veni
960 1463 970 1509 3
1007 1468 1044 1508 901

176 1539 231 1578 nec
247 1535 345 1578 tecum
359 1539 440 1579 meus
455 1523 526 1580 haec
542 1521 652 1599 pepigit
667 1520 739 1579 mihi
755 1521 869 1580 foedera
883 1521 1001 1580 Lausus.

176 1621 268 1660 unum
282 1604 347 1674 hoc,
362 1623 423 1679 per,
438 1601 459 1660 si
475 1623 531 1681 qua
546 1618 588 1660 est
602 1602 686 1661 vietis
702 1602 787 1660 venia
803 1602 942 1672 hostibus,
957 1623 1007 1661 oro
1023 1623 1030 1661 ε

176 1701 279 1759 corpus
293 1685 382 1742 humo
396 1683 502 1760 patiare
518 1683 585 1758 tegi.
628 1683 687 1741 scio
703 1684 804 1741 acerba
817 1703 949 1742 meorum

176 1763 362 1822 circumstare
377 1763 463 1822 odia:
485 1766 574 1831 hunc,
591 1784 651 1834 oro,
667 1762 792 1820 defende
808 1764 935 1821 furorem
949 1789 957 1833 3

176 1858 205 1901 et
220 1863 266 1900 me
282 1858 444 1900 consortem
460 1843 519 1900 nati
535 1842 663 1900 concede
680 1841 851 1918 sepulchro.'

175 1924 247 1981 haec
263 1922 390 2000 loquitur
404 1922 561 1999 iuguloque
576 1922 654 1979 haud
668 1921 774 1980 inscius
790 1922 896 2000 accipit
911 1943 1019 1997 ensem,

172 2002 356 2078 „undantique
371 2000 497 2060 animam
512 2001 649 2061 diffundit
663 2002 694 2060 in
709 2022 786 2062 arma
800 2023 911 2064 cruore.

475 2093 521 2156 898
539 2103 562 2143 et
579 2110 652 2143 auras.
