2568 4114
253 369 301 418 268
526 370 555 420 P.
571 368 713 418 VERGILI
730 369 887 442 Mul-RONIS

293 519 372 558 arma
386 498 464 558 inter
478 497 587 557 nubem
602 497 675 555 caeli
689 497 722 555 in
735 496 853 574 regione
868 516 969 556 serena

292 600 345 657 per
358 579 464 638 sudum
478 579 595 638 rutilare
609 578 710 636 vident
724 594 754 638 et
769 578 851 655 pulsa
865 593 975 637 tonare.

292 659 457 737 obstipuere
472 658 574 719 animis
589 658 639 717 alii
651 685 661 730 ;
682 659 732 717 sed
745 658 853 718 Trolus
866 660 950 718 heros
1123 689 1165 728 530

292 739 429 817 adgnovit
444 741 572 800 sonitum
586 755 616 800 et
630 740 714 799 divae
728 739 865 817 promissa
879 739 1016 816 parentis.

292 837 355 881 tum
370 835 533 880 memorat.
555 827 613 879 ‘ne
627 841 706 891 vero,
719 821 832 898 hospes,
846 839 884 878 ne
898 833 1003 898 quaere
1018 820 1165 896 profecto,

291 922 380 981 quem
395 921 494 960 casum
508 916 643 978 portenta
658 900 774 972 ferant3
796 921 848 977 ego
862 920 962 978 poscor
977 900 1118 977 Olympo.

290 982 384 1042 hoc'
363 1002 476 1077 mgnum
490 981 600 1041 cecinit
615 982 765 1040 missuram
779 981 845 1040 diva
859 980 991 1053 creatrix,

291 1083 313 1122 ar
306 1062 462 1122 ''bellum
454 1077 613 1140 ingrueret,
627 1062 831 1140 Vulcaniaque
846 1081 924 1120 arma
938 1082 988 1139 per
1003 1081 1085 1120 auras

291 1144 415 1203 laturam
430 1143 549 1203 auxilio.

291 1226 348 1283 heu
363 1240 490 1303 quantae
505 1225 615 1283 miseris
630 1224 731 1283 caedes
746 1224 938 1283 Laurentibus
952 1223 1082 1282 instant!

290 1325 359 1383 quas
368 1325 475 1383 poenas
484 1305 566 1376 mihi,
578 1306 692 1378 Turne,
702 1304 797 1364 dabis!
813 1324 901 1383 quam
909 1305 1001 1364 multa
1007 1304 1062 1362 sub
1069 1304 1163 1362 undas

290 1401 371 1444 scuta
384 1385 480 1444 virum
495 1387 651 1464 galeasque
666 1400 696 1444 et
711 1385 796 1444 fortia
809 1405 929 1462 corpora
943 1384 1050 1458 volves,

291 1465 404 1542 Thybri
415 1467 517 1543 pater!
540 1481 662 1543 poscant
676 1465 752 1525 acies
767 1481 796 1524 et
811 1466 926 1525 foedera
940 1466 1100 1543 rumpant.'
1122 1493 1164 1534 540

330 1547 401 1605 haec
417 1545 467 1603 ubi
482 1545 560 1605 dicta
576 1546 666 1615 dedit,
682 1546 754 1605 solio
768 1566 798 1605 se
813 1546 891 1605 tollit
905 1547 939 1605 ab
954 1546 1013 1604 alto
1028 1570 1037 1616 ;

291 1641 321 1685 et
334 1625 461 1703 primum
476 1626 633 1686 Herculeis
649 1627 754 1704 sopitas
768 1627 883 1703 ignibus
898 1647 958 1685 aras

290 1706 408 1779 excitat,
422 1708 652 1785 hesternumque
668 1707 774 1766 Larem
787 1727 948 1787 parvosque
964 1707 1088 1766 Penates

290 1788 381 1847 laetus
395 1787 478 1859 adit3
499 1803 606 1846 mactat
621 1789 711 1847 lectas
726 1788 762 1847 de
778 1808 857 1847 more
872 1787 1002 1846 bidentes

291 1868 444 1928 Euandrus
458 1868 574 1946 pariter,
590 1868 697 1946 pariter
712 1869 843 1928 Troiana
857 1868 1002 1928 iuventus.

290 1949 438 2026 posthinc
454 1950 491 2008 ad
505 1969 592 2008 naves
607 1949 745 2025 graditur,
759 1949 909 2027 sociosque
922 1948 1021 2008 revisit
1033 1973 1043 2018 3

290 2049 414 2108 quorum
427 2030 464 2087 de
479 2049 612 2101 numero,
627 2029 678 2108 qui
693 2049 752 2088 sese
766 2030 799 2090 in
814 2030 891 2089 bella
905 2045 1073 2109 sequantur,

290 2124 465 2187 praestantes
479 2109 587 2170 virtute
603 2110 674 2186 legit
687 2135 697 2180 ς
717 2131 781 2188 pars
796 2125 892 2170 cetera
904 2130 996 2189 prona

289 2190 382 2249 fertur
395 2210 470 2269 aqua
484 2189 637 2270 segnisque
653 2191 782 2250 secundo
796 2191 900 2251 defluit
914 2191 1003 2264 amni,

288 2270 393 2329 nuntia
408 2286 530 2330 ventura
544 2271 672 2331 Ascanio
686 2291 840 2349 rerumque
853 2271 1009 2351 patrisque.
1124 2301 1164 2340 550

288 2351 395 2409 dantur
409 2352 476 2430 equi
492 2352 618 2412 Teucris
634 2353 787 2430 Tyrrhena
800 2352 966 2430 petentibus
981 2373 1070 2423 arva3

287 2432 401 2492 ducunt
415 2447 557 2492 exsortem
571 2434 700 2505 Aeneae,
714 2451 802 2511 quem
817 2433 897 2492 fulva
911 2431 1003 2492 leonis

288 2513 372 2590 pellis
387 2513 450 2572 obit
465 2529 570 2586 totum,
585 2514 770 2591 praefulgens
784 2513 928 2590 unguibus
942 2513 1045 2573 aureis.

329 2593 405 2653 fama
418 2594 496 2653 volat
510 2613 628 2671 parvam
643 2594 739 2652 subito
753 2595 870 2671 vulgata
884 2615 936 2672 per
950 2594 1063 2667 urbem,

287 2673 369 2734 ocius
383 2675 425 2733 ire
440 2673 552 2752 equites
566 2673 716 2751 Tyrrheni
731 2675 766 2734 ad
781 2673 865 2734 litora
879 2675 963 2752 regis.

288 2769 353 2814 vota
368 2771 447 2814 metu
463 2754 618 2832 duplicant
633 2771 749 2827 matres,
763 2756 939 2834 propiusque
952 2755 1066 2834 periclo

287 2834 311 2893 it
326 2835 422 2907 timor,
437 2850 466 2894 et
481 2834 573 2895 maior
590 2835 720 2895 Martis
711 2857 769 2896 ram
784 2852 902 2915 apparet
916 2837 1022 2912 imago.

289 2931 351 2974 tum
366 2932 448 2994 pater
462 2916 614 2976 Euandrus
629 2916 761 2978 dextram
776 2918 944 2997 complexus
957 2915 1056 2976 euntis

287 2996 396 3068 haeret,
412 2996 577 3075 inexpletus
592 2997 756 3071 lacrimans,
771 3017 804 3058 ac
818 2998 887 3056 talia
900 2999 997 3057 fatur:
1263 3061 1264 3078 ἶ

268 3080 306 3134 ‘0
320 3076 392 3134 mihi
406 3077 575 3156 praeteritos
590 3077 731 3137 referat
710 3099 733 3136 s1
749 3076 882 3156 Iuppiter
895 3097 996 3150 annos,
1123 3097 1164 3144 5⁶0

287 3156 381 3235 qualis
396 3177 484 3232 eram,
499 3179 568 3218 curn
583 3157 709 3238 primam
722 3159 815 3218 aciem
831 3158 986 3218 Praeneste
999 3157 1077 3218 sub'
1069 3178 1134 3235 ipsa

288 3236 373 3295 stravi
389 3254 597 3320 scutorumque
611 3239 731 3299 incendi
746 3239 840 3299 victor
854 3259 980 3310 acervos,

287 3333 316 3378 et
330 3337 427 3393 regem
441 3320 495 3379 hac
512 3321 632 3381 Erulum
647 3321 748 3380 dextra
761 3319 815 3382 sub
829 3319 951 3380 Tartara
965 3318 1052 3379 misi:

361 3427 407 3478 529
419 3431 506 3468 sonare.
575 3429 620 3480 543
632 3427 763 3469 aternum.
830 3429 876 3481 559
894 3418 1046 3480 inexpletum.
