2568 4114
431 319 598 371 AENEIDOS
615 323 678 372 LIB.
696 323 735 373 VI

169 466 320 530 postquam
335 451 419 510 illurn
435 451 492 509 vita
506 451 598 511 victor
613 452 743 532 spoliavit
757 453 898 526 Achilles,

169 531 316 593 Dardanio
330 533 446 591 Aeneae
461 552 519 591 sese
534 533 701 593 fortissimus
714 535 796 593 heros

169 613 315 673 addiderat
329 613 449 684 socium,
464 634 522 672 non
537 613 671 674 inferiora
685 631 808 675 secutus.
938 684 940 689 .
1002 647 1039 686 170

170 695 220 754 sed
234 710 297 753 turn
312 693 384 752 forte
400 713 468 754 cava
480 695 552 754 dum
564 711 698 772 personat
712 716 833 774 aequora
847 699 968 769 concha,

170 776 299 845 demens,
313 790 342 835 et
356 791 442 834 cantu
458 792 540 835 vocat
554 776 585 834 in
601 777 756 836 certamina
770 777 860 848 divos,

171 857 300 915 aemulus
315 871 469 934 exceptum
485 857 600 929 Triton,
616 857 638 916 si
653 858 769 917 credere
783 859 903 934 dignum
918 875 968 931 est,
1055 915 1057 920 ,

171 937 247 996 inter
262 957 326 996 saxa
340 936 434 996 virum
449 959 580 1014 spumosa
594 938 762 998 inmerserat
777 940 862 998 unda.

171 1037 237 1094 ergo
250 1038 349 1076 omnes
365 1038 469 1094 magno
483 1020 594 1078 circum
610 1020 733 1078 clamore
748 1019 916 1093 fremebant,

170 1098 324 1176 praecipue
338 1099 402 1176 pius
416 1100 537 1159 Aeneas.
580 1117 643 1159 tum
657 1100 730 1159 iussa
745 1101 879 1176 Sibyllae,

169 1179 248 1238 haud
262 1199 349 1248 mora,
365 1179 500 1239 festinant
515 1179 616 1239 flentes
631 1202 764 1260 aramque
777 1180 921 1260 sepulchri

171 1279 324 1335 congerere
339 1259 484 1320 arboribus
500 1262 637 1340 caeloque
652 1263 774 1322 educere
789 1277 909 1321 certant

169 1341 227 1400 itur
241 1341 272 1399 in
288 1341 434 1420 antiquam
450 1342 558 1414 silvam,
574 1344 684 1402 stabula
698 1343 754 1402 alta
768 1342 912 1412 ferarum3

170 1422 407 1499 procumbunt'
379 1442 496 1500 piceae3
518 1440 597 1482 sonat
611 1423 669 1482 icta
684 1424 830 1483 securibus
844 1422 921 1492 ilex;
1003 1439 1040 1482 reo

171 1501 372 1582 fraxineaeque
388 1504 478 1562 trabes
493 1505 593 1562 cuneis
607 1521 636 1564 et
651 1505 736 1563 fissile
749 1506 836 1563 robur

170 1582 330 1654 scinditur;
351 1584 508 1644 advolvunt
522 1587 654 1678 ingentes
669 1586 815 1644 montibus
830 1606 922 1644 ornos.

130 1667 132 1676 ⁴
171 1685 225 1723 nec
241 1685 300 1722 non
315 1666 426 1724 Aeneas
441 1687 525 1744 opera
539 1667 614 1726 inter
628 1667 696 1726 talia
708 1667 818 1760 primus

170 1746 301 1805 hortatur
316 1745 405 1804 socios
420 1746 592 1826 paribusque
606 1747 767 1822 accingitur
781 1747 874 1806 armis.

171 1842 256 1905 atque
270 1825 364 1886 haec
356 1847 416 1902 rpse
430 1848 482 1885 suo
496 1827 567 1886 tristi
583 1847 651 1885 curn
666 1827 751 1886 corde
765 1827 885 1896 volutat,

171 1923 317 1986 aspectans
331 1907 453 1966 silvam
445 1927 615 1978 inmensam,
630 1922 658 1965 et
673 1907 712 1966 sic
727 1907 800 1966 forte
815 1923 965 1986 precatur:

152 1989 193 2048 ‘si
209 2009 289 2047 nunc
305 2008 333 2047 se
348 1987 430 2046 nobis
445 1987 495 2046 ille
510 2008 610 2047 aureus
625 1988 723 2047 arbore
737 2008 831 2048 ramus

171 2069 302 2129 ostendat
317 2088 433 2128 nemore
448 2068 479 2127 in
495 2069 591 2128 tanto!
615 2069 730 2147 quando
744 2069 841 2128 omnia
854 2090 920 2128 vere

171 2152 228 2208 heu
244 2150 367 2209 nimium
382 2150 418 2208 de
433 2165 461 2208 te
476 2165 561 2220 vates,
578 2149 703 2220 Misene,
718 2151 814 2209 locuta
828 2151 887 2209 eat?

170 2230 219 2288 vix
235 2251 268 2288 ea
281 2231 355 2289 fatus
370 2247 436 2303 erat,
453 2231 584 2308 geminae
599 2251 667 2290 curn
681 2232 754 2289 forte
769 2231 919 2290 columbae
1003 2259 1039 2300 ιφ

171 2310 232 2388 ipsa
247 2312 299 2371 sub
314 2333 362 2370 ora
376 2311 429 2370 viri
445 2313 525 2374 caelo
539 2331 644 2370 venere
658 2311 786 2370 volantes

171 2407 201 2450 et
214 2391 298 2450 viridi
315 2392 411 2451 sedere
426 2393 495 2452 solo.
538 2408 600 2453 tum
615 2393 756 2451 maximus
770 2394 851 2450 heros

172 2488 312 2530 maternas
326 2473 472 2549 adgnoscit
487 2494 560 2545 aves,
577 2474 725 2551 laetusque
740 2489 888 2552 precatur:

151 2559 160 2586 ‘
174 2569 232 2612 este
247 2554 344 2625 duces,
359 2575 386 2625 o,
401 2554 423 2612 si
438 2574 494 2633 qua
508 2555 554 2612 via
569 2570 618 2626 est,
635 2574 807 2633 cursumque
822 2574 874 2630 per
888 2572 966 2611 auras

172 2633 292 2710 derigite
308 2635 337 2692 in
353 2635 443 2706 lucos,
460 2635 507 2693 ubi
523 2635 662 2712 pinguem
677 2635 754 2694 dives
770 2650 868 2712 opacat

172 2735 267 2773 ramus
281 2716 413 2774 humum.
456 2733 544 2794 tuque
559 2738 577 2775 o
591 2717 686 2777 dubiis
700 2737 737 2776 ne
752 2715 841 2774 defice
856 2714 949 2784 rebus,

172 2795 237 2853 diva
252 2794 370 2872 parens.²
412 2795 451 2854 sic
468 2797 567 2857 effatus
582 2797 699 2874 vestigia
713 2796 813 2876 pressit

173 2876 331 2948 observans,
345 2897 417 2955 quae
433 2877 511 2953 signa
525 2878 627 2949 ferant,
642 2900 700 2958 quo
715 2877 831 2939 tendere
846 2889 973 2952 pergant.

172 2972 319 3034 pascentes
333 2958 400 3016 illae
415 2972 528 3018 tantum
542 2959 657 3036 prodire
671 2958 806 3028 volando,

173 3054 314 3115 quantum
329 3039 389 3098 acie
404 3055 518 3118 possent
532 3039 610 3098 oculi
625 3059 734 3097 servare
748 3050 930 3117 sequentum.
1002 3064 1040 3098 auo

172 3118 241 3177 inde
257 3119 305 3178 ubi
320 3141 425 3178 venere
440 3120 476 3178 ad
489 3121 585 3178 fauces
599 3138 683 3194 grave
698 3118 800 3178 olentis
815 3118 935 3190 Averni,

173 3200 282 3259 tollunt
296 3221 326 3258 se
340 3202 446 3260 celeres
461 3200 662 3279 liquidumque
676 3219 727 3277 per
741 3207 803 3258 ae'ra
817 3200 911 3277 lapsae

172 3280 286 3340 sedibus
301 3281 403 3358 optatis
417 3282 532 3356 gemina
545 3300 629 3358 super
643 3280 741 3339 arbore
755 3280 863 3353 sidunt,

305 3387 349 3436 177
366 3374 495 3436 sepulchro.
531 3375 575 3423 186
593 3382 662 3423 voce:
703 3389 749 3437 ²03
762 3374 874 3436 geminae.

508 3455 510 3462 '
587 3451 603 3489 Ρ
