2562 4114
417 334 583 383 AENEIDOS
600 333 664 382 LlB.
681 332 720 380 1x
973 334 1021 398 289

155 465 286 538 ediderit,
302 485 390 544 quem
405 464 526 543 quisque
540 463 634 522 virum
649 463 796 524 demiserit
811 465 911 533 Orco'3

155 562 185 607 et
200 567 316 606 mecum
331 547 463 621 ingentes
477 545 537 604 oras
552 544 677 605 evolvite
692 546 773 605 belli.

155 627 199 707 [et
213 627 384 686 meministis
399 627 487 699 enim,
502 627 595 699 divae,'
610 640 640 685 et
654 646 812 685 memorare
826 625 969 705 potestis]

198 708 282 767 turris
296 723 357 767 erat
371 723 450 767 vasto
464 723 598 785 suspectu
614 722 643 767 et
657 707 795 786 pontibus
810 707 884 779 altis,
986 736 1023 777 530

156 803 319 867 opportuna
334 790 408 862 loco,
423 789 542 848 summis
557 808 645 867 quam
659 788 767 847 viribus
782 807 881 846 omnes

157 890 321 947 expugnare
336 870 403 928 Itali
418 889 589 947 summaque
604 883 733 928 evertere
747 889 837 962 opum
850 869 880 927 vi

157 950 314 1021 certabant,
331 950 424 1010 Troes
439 965 539 1010 contra
553 949 711 1009 defendere
725 949 796 1008 saris

156 1050 265 1109 perque
280 1051 362 1091 cavas
376 1030 458 1090 densi
474 1030 554 1089 tela
528 1046 712 1124 intorquere
727 1030 874 1090 fenestras.

155 1111 290 1191 princeps
304 1110 455 1171 ardentem
469 1110 597 1171 coniecit
611 1110 742 1189 lampada
758 1111 879 1169 Turnus

156 1206 186 1250 et
200 1191 346 1251 flammam
361 1191 460 1250 adfixit
474 1191 568 1265 lateri,
583 1212 657 1270 quae
671 1190 797 1271 plurima
811 1206 901 1252 vento
969 1247 972 1252 .

156 1272 298 1350 corripuit
313 1272 424 1331 tabulas
439 1286 469 1330 et
482 1271 612 1350 postibus
626 1272 719 1332 haesit
734 1272 834 1332 adesis.

156 1352 264 1412 turbati
279 1351 443 1430 trepidare
435 1367 513 1411 intus
528 1354 689 1431 frustraque
703 1353 845 1412 malorum

155 1433 232 1492 velle
248 1433 355 1509 fugam.
398 1433 468 1493 dum
483 1454 513 1492 se
527 1434 690 1509 glomerant
704 1449 838 1511 retroque
853 1432 984 1491 residunt

156 1515 188 1574 in
201 1530 322 1592 partem,
338 1535 410 1594 quae
424 1531 505 1592 peste
520 1529 606 1588 caret,
622 1529 685 1574 tum
700 1514 828 1592 pondere
844 1513 927 1572 turris
987 1541 1025 1580 ⁵40

156 1594 311 1689 procubuit
326 1595 421 1654 subito
436 1611 465 1654 et
480 1596 595 1654 caelum
610 1610 691 1654 tonat
705 1615 793 1654 omne
808 1594 929 1672 fragore.

157 1675 315 1736 semineces
330 1676 367 1733 ad
381 1692 494 1748 terram,
510 1675 621 1734 inmani
613 1675 713 1734 mole
728 1691 836 1746 secuta,

157 1756 323 1835 confixique
338 1756 394 1814 suis
410 1756 474 1814 telis
490 1771 518 1814 et
533 1771 651 1832 pectora
665 1756 738 1814 duro

158 1836 303 1896 transfossi
319 1837 399 1912 ligno
413 1836 547 1894 veniunt.
589 1835 637 1893 vix
654 1855 727 1893 unus
743 1835 876 1894 Helenor

159 1918 296 1994 etLycus
312 1916 423 1994 elapsi;
445 1935 568 1994 quorum
584 1915 747 1993 primaevus
762 1913 903 1985 Helenor,

159 1997 300 2058 Maeonio
314 1997 373 2072 regi
389 2014 477 2074 quem
492 2016 571 2054 serva
585 1995 740 2072 Licymnia
755 1996 856 2055 furtim

158 2078 309 2138 sustulerat
322 2076 477 2154 vetitisque
492 2075 528 2134 ad
543 2076 664 2136 Troiam
679 2077 794 2136 miserat
808 2077 901 2149 armis,

158 2179 225 2218 ense
240 2158 311 2216 levis
326 2157 406 2215 nudo
420 2175 575 2235 parmaque
590 2156 730 2233 inglorius
745 2158 830 2217 alba:

157 2240 238 2318 isque
253 2238 303 2296 ubi
318 2258 346 2298 se
362 2236 457 2296 Turni
473 2236 569 2296 media
584 2237 661 2297 inter
675 2238 756 2296 milia
769 2237 852 2310 vidit,

158 2321 228 2378 hinc
244 2319 318 2378 acics
334 2334 421 2396 atque
438 2317 506 2376 hinc
523 2318 599 2377 acies
614 2318 725 2378 adstare
740 2318 867 2389 Latinas,
988 2346 1026 2384 550

159 2417 191 2460 ut
206 2400 274 2471 fera,
290 2419 362 2477 quae
376 2400 464 2458 densa
480 2415 640 2459 venantum
655 2415 751 2477 saepta
765 2419 871 2458 corona

159 2497 259 2540 contra
274 2480 331 2539 tela
346 2479 417 2538 furit
432 2499 552 2558 seseque
567 2480 646 2539 haud
660 2479 756 2539 nescia
769 2479 856 2538 morti

159 2561 243 2620 inicit
259 2578 287 2620 et
302 2561 374 2619 saltu
390 2581 475 2653 supra
491 2561 635 2620 venabula
650 2562 749 2633 fertur,

158 2642 238 2700 haud
252 2640 357 2700 aliter
350 2641 461 2699 iuvenis
477 2640 586 2700 medios
602 2642 759 2702 moriturus
772 2641 803 2700 in
817 2643 913 2702 hostes

160 2722 250 2780 inruit
265 2737 303 2795 et,
319 2742 374 2800 qua
389 2721 447 2780 tela
461 2721 540 2780 videt
554 2722 731 2794 densissima,
745 2723 849 2782 tendit.

160 2817 189 2862 at
203 2745 338 2880 pedibiss
339 2803 424 2878 longe
436 2803 541 2861 melior
555 2803 675 2881 Lycus
668 2820 743 2862 inter
757 2818 786 2863 et
799 2805 893 2862 hostes

160 2884 237 2943 inter
252 2899 281 2942 et
296 2904 373 2943 arma
388 2884 456 2960 fuga
470 2904 567 2944 muros
580 2899 669 2956 tenet,
685 2885 799 2962 altaque
815 2899 905 2943 certat

159 2964 301 3044 prendere
317 2980 393 3024 tecta
407 2985 495 3024 manu
512 2965 680 3042 sociumque
697 2965 835 3040 attingere
849 2965 971 3025 dextras.

160 3067 248 3125 quem
263 3047 392 3118 Turnus,
407 3046 514 3123 pariter
529 3066 612 3104 cursu
628 3045 744 3123 teloque
760 3061 882 3115 secutus,

160 3128 291 3205 increpat
304 3126 348 3185 his
363 3127 475 3186 victor:
500 3132 664 3186 ‘nostrasne
680 3126 811 3200 evadere,
826 3126 953 3200 demens,
989 3146 1028 3195 560

160 3207 278 3287 sperasti
292 3222 322 3266 te
336 3227 417 3285 posse
432 3227 534 3268 manus
544 3205 571 3266 i'
592 3207 677 3266 simul
694 3207 793 3285 arripit
807 3207 901 3286 ipsum

159 3289 339 3368 pendentem
354 3303 382 3346 et
396 3308 500 3364 magna
513 3287 587 3348 muri
602 3309 670 3347 cum
684 3303 765 3366 parte
779 3289 893 3350 revellit
907 3313 914 3348 :

160 3371 253 3448 qualis
268 3369 317 3429 ubi
333 3383 382 3428 ant
396 3369 589 3446 leporemaut
603 3369 741 3428 candenti
756 3391 875 3448 corpore
891 3390 1015 3447 cycnum

562 3471 582 3507 u
