2568 4114
448 338 615 386 nuumnos
632 337 696 385 nm.
713 340 739 385 v
1002 339 1046 402 189

178 469 291 542 ultima,
306 469 329 527 si
343 468 429 547 primi
446 468 523 526 Salio
537 467 696 526 reddantur
709 469 843 528 honores.

176 565 240 610 tum
254 564 337 628 pater
350 550 474 621 Aeneas,
491 547 619 621 ‘vestra'
633 547 765 626 ἰιιιῙιιίι,ι
773 569 895 608 munera
908 548 991 608 vobis

176 645 255 690 certa
270 645 400 703 manent,
414 629 508 708 pueri,
523 644 554 688 et
555 628 694 724 palmam
709 644 807 688 movet
821 629 923 688 ordine
938 649 1043 689 nemo:

176 732 223 770 me
238 711 325 770 liceat
339 731 419 770 casus
434 710 563 770 miserari
578 709 701 770 insontis
716 709 820 769 amici!
1007 739 1046 779 350

176 792 216 852 sic
231 792 317 864 fatus,
333 806 446 867 tergum
462 790 607 850 Gaetuli
599 811 718 850 romane
732 790 826 849 leonis

174 874 225 932 dat
241 872 327 945 Salio,
342 871 418 931 villis
433 893 589 931 onerosum
604 886 692 950 atque
707 871 852 947 unguibus
867 870 969 931 aureis.

174 953 223 1012 hic
239 953 364 1026 Nisus,‘
372 953 395 1012 si
411 953 513 1025 tanta,'
528 951 660 1030 inquit,‘
668 967 736 1012 sunt
750 951 878 1031 praemia
891 951 986 1024 victis,

175 1049 205 1093 et
220 1048 249 1092 te
263 1033 408 1112 lapsorum
418 1033 551 1126 miseret,
566 1053 640 1112 quae
655 1053 776 1092 munera
791 1032 865 1092 Niso

174 1114 262 1191 digna
276 1114 366 1186 dabis,
381 1113 505 1192 primam
521 1113 614 1172 merui
629 1134 694 1206 qur
672 1113 781 1173 laude
796 1133 943 1185 coronam,

175 1195 277 1268 nime,
293 1215 367 1274 quae
383 1194 504 1266 Salium,
520 1194 662 1253 fortuna
653 1194 773 1253 mimica
787 1194 902 1253 tulisset
912 1193 942 1251 ι’

174 1291 204 1335 et
218 1275 304 1337 simul
320 1275 364 1333 his
379 1274 464 1334 dictis
480 1273 588 1334 faciem
602 1275 776 1348 ostentabat,
791 1288 821 1333 et
836 1274 895 1333 udo

174 1356 269 1435 turpia
284 1356 413 1415 membra
428 1355 507 1416 fimo.
549 1354 613 1413 risit
627 1370 709 1432 pater
722 1355 849 1433 optimus
863 1353 925 1427 olli,

174 1453 204 1496 et
218 1437 347 1515 clipeum
362 1436 457 1496 efferri
472 1435 565 1508 iussit,
581 1435 773 1514 Didymaonis
788 1450 872 1508 artes,

174 1517 309 1596 Neptuni
324 1538 405 1577 sacro
418 1516 530 1576 Danais
545 1516 582 1576 de
597 1532 679 1595 poste
694 1516 826 1576 refixnm.
1005 1534 1044 1586 3⁶0

173 1600 228 1658 hoc
243 1598 380 1658 iuvenem
396 1597 544 1675 egregium
558 1597 716 1676 praestanti
731 1618 853 1658 munere
867 1598 967 1656 donat.

212 1695 287 1758 post,
303 1679 352 1739 ubi
368 1679 498 1740 confecti
513 1699 623 1750 cursus,
639 1693 669 1738 et
684 1679 761 1736 dona
774 1678 904 1757 peregit:

163 1766 273 1833 ‘nunc,
289 1760 312 1819 si
327 1759 375 1819 cui
389 1759 481 1819 virtus
497 1760 672 1837 animusque
686 1758 718 1816 in
731 1774 851 1836 pectore
866 1778 1002 1835 praesens

173 1841 255 1913 adsit,
272 1856 301 1901 et
316 1841 439 1900 evinctis
455 1841 572 1899 attollat
587 1839 723 1898 bracchia
737 1838 861 1931 palmis!

135 1940 141 1946 ·
172 1923 212 1980 sic
227 1922 277 1994 ait,
293 1937 323 1981 et
336 1921 488 1997 geminum
502 1939 617 1998 pugnae
632 1918 770 1997 proponit
783 1920 934 1991 honorem,

171 2002 275 2062 victori
292 2002 420 2061 velatum
434 2021 505 2060 auro
519 1999 659 2079 vittisque
673 1999 841 2092 iuvencum,

172 2103 272 2142 ensem
286 2097 375 2161 atque
389 2081 534 2156 insignem
549 2080 670 2156 galeam,
685 2080 791 2140 solacia
805 2080 893 2140 victo.

171 2183 228 2222 nec
242 2182 341 2232 mora;
362 2161 505 2220 continuo
520 2159 606 2218 vastis
622 2180 690 2220 cum
704 2159 812 2220 viribus
827 2162 911 2220 effert

171 2265 221 2303 ora
234 2243 337 2314 Dares,
352 2261 515 2320 magnoque
530 2241 627 2300 virum
642 2259 671 2300 se
685 2260 833 2300 murmure
849 2241 945 2312 tollit3

171 2326 248 2383 solus
263 2344 313 2403 qur
306 2322 463 2381 'Paridem
479 2321 581 2380 solitus
597 2321 776 2380 contendere
792 2337 902 2394 contra,
1005 2351 1044 2390 370

172 2407 309 2498 idemque
324 2403 360 2462 ad
375 2403 533 2475 tumulum,
546 2422 606 2482 quo
620 2401 763 2461 maximus
778 2401 903 2460 occubat
917 2402 1042 2475 Hector,

171 2485 313 2544 victorem
328 2483 460 2556 Buten,
452 2483 565 2542 tnmani
582 2503 703 2561 corpore
717 2481 768 2560 qui
783 2503 813 2540 se

173 2565 314 2644 Bebrycia
327 2563 449 2624 veniens
463 2563 569 2640 Amyci
585 2564 622 2622 de
637 2578 725 2639 gente
740 2564 861 2636 ferebat,

172 2647 306 2723 perculit,
321 2661 351 2704 et
366 2646 446 2704 fulva
461 2644 674 2704 moribundum
689 2644 822 2703 extendit
835 2646 953 2702 harena.

173 2727 237 2785 talis
251 2727 344 2804 prima
358 2727 450 2786 Dares
465 2740 552 2803 caput
567 2724 661 2784 altum
676 2724 707 2784 in
721 2725 832 2803 proelia
847 2725 934 2796 tollit,

172 2807 357 2886 ostenditque
372 2827 486 2866 umeros
501 2806 583 2879 latos,
600 2806 771 2884 alternaque
785 2805 873 2864 iactat

172 2888 307 2948 bracchia
321 2887 508 2966 protendens,
524 2901 554 2946 et
569 2886 702 2946 verberat
716 2886 823 2945 ict'ibus
838 2907 929 2945 auras.

173 2969 321 3048 quaeritur
337 2967 407 3028 huic
423 2967 514 3027 alius:
537 2987 592 3027 nec
608 2967 761 3046 quisquam
776 2987 812 3025 ex
826 2966 941 3042 agmine
960 2979 1042 3024 tanto

173 3050 260 3109 audet
274 3048 394 3109 adire
368 3068 463 3108 virum
478 3048 671 3126 manibusque
687 3047 827 3106 inducere
842 3062 963 3107 caestus

173 3151 239 3207 ergo
254 3130 364 3202 alacris,
380 3144 561 3207 cunctosque
576 3142 682 3206 putans
697 3127 838 3186 excedere
852 3128 957 3205 palma,
1005 3143 1043 3194 380

171 3212 288 3270 Aeneae
304 3209 385 3269 stetit
400 3224 468 3270 ante
482 3209 579 3288 pedes,
595 3229 650 3267 nec
665 3207 749 3287 plura
763 3223 889 3268 moratus

172 3305 235 3350 tum
250 3292 332 3350 laeva
347 3305 462 3351 taurum
477 3311 568 3351 cornu
583 3303 675 3362 tenet,
689 3304 778 3368 atque
792 3289 833 3349 ita
847 3290 942 3348 fatur:

501 3403 513 3452 3
518 3401 548 3452 50
565 3387 675 3437 misereri.
