<?xml version="1.0" encoding="UTF-8"?>
<!DOCTYPE html PUBLIC "-//W3C//DTD XHTML 1.0 Transitional//EN"
    "http://www.w3.org/TR/xhtml1/DTD/xhtml1-transitional.dtd">
<html xmlns="http://www.w3.org/1999/xhtml" xml:lang="en" lang="en">
 <head>
  <title>
</title>
<meta http-equiv="Content-Type" content="text/html;charset=utf-8" />
  <meta name='ocr-system' content='tesseract 3.04.00' />
  <meta name='ocr-capabilities' content='ocr_page ocr_carea ocr_par ocr_line ocrx_word'/>
</head>
<body>
  <div class='ocr_page' id='page_1' title='image "./bucolicageorgic05virggoog/bucolicageorgic05virggoog_0276.png"; bbox 0 0 2568 4114; ppageno 0'>
   <div class='ocr_carea' id='block_1_1' title="bbox 444 351 762 426">
    <p class='ocr_par' dir='ltr' id='par_1_1' title="bbox 444 351 762 426">
     <span class='ocr_line' id='line_1_1' title="bbox 444 351 762 426; baseline 0.003 -2"><span class='ocrx_word' id='word_1_1' title='bbox 444 377 612 426; x_wconf 74' lang='lat' dir='ltr'>Aruernos</span> <span class='ocrx_word' id='word_1_2' title='bbox 629 377 693 426; x_wconf 82' lang='lat' dir='ltr'>mn.</span> <span class='ocrx_word' id='word_1_3' title='bbox 710 351 762 426; x_wconf 88' lang='lat' dir='ltr'>vn</span> 
     </span>
    </p>
   </div>
   <div class='ocr_carea' id='block_1_2' title="bbox 154 505 1064 3494">
    <p class='ocr_par' dir='ltr' id='par_1_2' title="bbox 154 505 1064 3494">
     <span class='ocr_line' id='line_1_2' title="bbox 193 505 869 582; baseline 0.001 -17"><span class='ocrx_word' id='word_1_4' title='bbox 193 506 301 578; x_wconf 85' lang='lat' dir='ltr'>Ufens,</span> <span class='ocrx_word' id='word_1_5' title='bbox 317 505 461 582; x_wconf 80' lang='lat' dir='ltr'><strong>insignem</strong></span> <span class='ocrx_word' id='word_1_6' title='bbox 475 507 553 565; x_wconf 87' lang='lat' dir='ltr'>fama</span> <span class='ocrx_word' id='word_1_7' title='bbox 568 523 597 567; x_wconf 91' lang='lat' dir='ltr'>et</span> <span class='ocrx_word' id='word_1_8' title='bbox 611 507 746 567; x_wconf 87' lang='lat' dir='ltr'>felicibus</span> <span class='ocrx_word' id='word_1_9' title='bbox 762 508 846 567; x_wconf 84' lang='lat' dir='ltr'>armis</span> <span class='ocrx_word' id='word_1_10' title='bbox 859 533 869 580; x_wconf 68' lang='grc' dir='ltr'><strong><em>ς</em></strong></span> 
     </span>
     <span class='ocr_line' id='line_1_3' title="bbox 192 587 936 668; baseline 0.004 -23"><span class='ocrx_word' id='word_1_11' title='bbox 192 587 309 646; x_wconf 85' lang='lat' dir='ltr'>horrida</span> <span class='ocrx_word' id='word_1_12' title='bbox 323 587 479 666; x_wconf 83' lang='lat' dir='ltr'>praecipue</span> <span class='ocrx_word' id='word_1_13' title='bbox 493 588 541 646; x_wconf 92' lang='lat' dir='ltr'>cui</span> <span class='ocrx_word' id='word_1_14' title='bbox 551 608 634 664; x_wconf 90' lang='lat' dir='ltr'>gens,</span> <span class='ocrx_word' id='word_1_15' title='bbox 650 589 827 668; x_wconf 83' lang='lat' dir='ltr'>adsuetaque</span> <span class='ocrx_word' id='word_1_16' title='bbox 842 589 936 648; x_wconf 92' lang='lat' dir='ltr'>multo</span> 
     </span>
     <span class='ocr_line' id='line_1_4' title="bbox 192 669 917 748; baseline 0.003 -22"><span class='ocrx_word' id='word_1_17' title='bbox 192 683 301 726; x_wconf 91' lang='lat' dir='ltr'>venatu</span> <span class='ocrx_word' id='word_1_18' title='bbox 317 689 479 741; x_wconf 88' lang='lat' dir='ltr'>nemorum,</span> <span class='ocrx_word' id='word_1_19' title='bbox 494 669 572 728; x_wconf 89' lang='lat' dir='ltr'>duris</span> <span class='ocrx_word' id='word_1_20' title='bbox 587 670 751 748; x_wconf 85' lang='lat' dir='ltr'>Aequicula</span> <span class='ocrx_word' id='word_1_21' title='bbox 764 671 917 748; x_wconf 82' lang='lat' dir='ltr'><strong>glaebis.</strong></span> 
     </span>
     <span class='ocr_line' id='line_1_5' title="bbox 192 749 913 830; baseline 0.004 -23"><span class='ocrx_word' id='word_1_22' title='bbox 192 749 294 808; x_wconf 88' lang='lat' dir='ltr'>armati</span> <span class='ocrx_word' id='word_1_23' title='bbox 310 763 414 808; x_wconf 89' lang='lat' dir='ltr'>terram</span> <span class='ocrx_word' id='word_1_24' title='bbox 430 764 578 822; x_wconf 87' lang='lat' dir='ltr'>exercent,</span> <span class='ocrx_word' id='word_1_25' title='bbox 594 770 765 830; x_wconf 86' lang='lat' dir='ltr'>semperque</span> <span class='ocrx_word' id='word_1_26' title='bbox 781 767 913 812; x_wconf 86' lang='lat' dir='ltr'>recentes</span> 
     </span>
     <span class='ocr_line' id='line_1_6' title="bbox 191 829 858 910; baseline 0.003 -22"><span class='ocrx_word' id='word_1_27' title='bbox 191 845 365 888; x_wconf 87' lang='lat' dir='ltr'>convectare</span> <span class='ocrx_word' id='word_1_28' title='bbox 380 829 460 889; x_wconf 87' lang='lat' dir='ltr'>iuvat</span> <span class='ocrx_word' id='word_1_29' title='bbox 473 831 593 909; x_wconf 81' lang='lat' dir='ltr'>praedas</span> <span class='ocrx_word' id='word_1_30' title='bbox 609 846 639 890; x_wconf 93' lang='lat' dir='ltr'>et</span> <span class='ocrx_word' id='word_1_31' title='bbox 653 831 751 890; x_wconf 89' lang='lat' dir='ltr'>vivere</span> <span class='ocrx_word' id='word_1_32' title='bbox 767 848 858 910; x_wconf 89' lang='lat' dir='ltr'>rapto.</span> 
     </span>
     <span class='ocr_line' id='line_1_7' title="bbox 233 909 1064 989; baseline 0.006 -21"><span class='ocrx_word' id='word_1_33' title='bbox 233 909 305 989; x_wconf 92' lang='lat' dir='ltr'>quin</span> <span class='ocrx_word' id='word_1_34' title='bbox 320 925 350 968; x_wconf 93' lang='lat' dir='ltr'>et</span> <span class='ocrx_word' id='word_1_35' title='bbox 366 911 516 969; x_wconf 91' lang='lat' dir='ltr'>Marruvia</span> <span class='ocrx_word' id='word_1_36' title='bbox 530 911 614 970; x_wconf 90' lang='lat' dir='ltr'>venit</span> <span class='ocrx_word' id='word_1_37' title='bbox 628 913 665 971; x_wconf 93' lang='lat' dir='ltr'>de</span> <span class='ocrx_word' id='word_1_38' title='bbox 680 928 768 988; x_wconf 90' lang='lat' dir='ltr'>gente</span> <span class='ocrx_word' id='word_1_39' title='bbox 784 913 924 985; x_wconf 82' lang='lat' dir='ltr'>sacerdos,</span> <span class='ocrx_word' id='word_1_40' title='bbox 1024 944 1064 985; x_wconf 81' lang='lat'>⁷⁵⁰</span> 
     </span>
     <span class='ocr_line' id='line_1_8' title="bbox 191 991 912 1071; baseline 0.006 -23"><span class='ocrx_word' id='word_1_41' title='bbox 191 991 297 1050; x_wconf 86' lang='lat' dir='ltr'>fronde</span> <span class='ocrx_word' id='word_1_42' title='bbox 311 1011 396 1070; x_wconf 90' lang='lat' dir='ltr'>super</span> <span class='ocrx_word' id='word_1_43' title='bbox 411 992 522 1068; x_wconf 88' lang='lat' dir='ltr'>galeam</span> <span class='ocrx_word' id='word_1_44' title='bbox 538 1008 567 1051; x_wconf 88' lang='lat' dir='ltr'>et</span> <span class='ocrx_word' id='word_1_45' title='bbox 583 993 662 1052; x_wconf 90' lang='lat' dir='ltr'>felici</span> <span class='ocrx_word' id='word_1_46' title='bbox 677 1009 812 1071; x_wconf 88' lang='lat' dir='ltr'>comptus</span> <span class='ocrx_word' id='word_1_47' title='bbox 826 994 912 1067; x_wconf 91' lang='lat' dir='ltr'>oliva,</span> 
     </span>
     <span class='ocr_line' id='line_1_9' title="bbox 190 1071 865 1150; baseline 0.003 -20"><span class='ocrx_word' id='word_1_48' title='bbox 190 1071 334 1150; x_wconf 87' lang='lat' dir='ltr'>Archippi</span> <span class='ocrx_word' id='word_1_49' title='bbox 348 1072 422 1148; x_wconf 87' lang='lat' dir='ltr'>regis</span> <span class='ocrx_word' id='word_1_50' title='bbox 437 1072 535 1145; x_wconf 89' lang='lat' dir='ltr'>missu,</span> <span class='ocrx_word' id='word_1_51' title='bbox 551 1073 723 1133; x_wconf 84' lang='lat' dir='ltr'>fortissimus</span> <span class='ocrx_word' id='word_1_52' title='bbox 739 1074 865 1145; x_wconf 92' lang='lat' dir='ltr'>Umbro,</span> 
     </span>
     <span class='ocr_line' id='line_1_10' title="bbox 190 1151 908 1233; baseline 0.004 -23"><span class='ocrx_word' id='word_1_53' title='bbox 190 1151 309 1230; x_wconf 87' lang='lat' dir='ltr'>vipereo</span> <span class='ocrx_word' id='word_1_54' title='bbox 323 1153 422 1229; x_wconf 85' lang='lat' dir='ltr'>generi</span> <span class='ocrx_word' id='word_1_55' title='bbox 439 1168 469 1212; x_wconf 91' lang='lat' dir='ltr'>et</span> <span class='ocrx_word' id='word_1_56' title='bbox 482 1153 607 1228; x_wconf 87' lang='lat' dir='ltr'>graviter</span> <span class='ocrx_word' id='word_1_57' title='bbox 621 1154 795 1233; x_wconf 86' lang='lat' dir='ltr'>spirantibus</span> <span class='ocrx_word' id='word_1_58' title='bbox 809 1154 908 1232; x_wconf 90' lang='lat' dir='ltr'>hydris</span> 
     </span>
     <span class='ocr_line' id='line_1_11' title="bbox 191 1234 978 1314; baseline 0.005 -24"><span class='ocrx_word' id='word_1_59' title='bbox 191 1253 321 1310; x_wconf 87' lang='lat' dir='ltr'>spargere</span> <span class='ocrx_word' id='word_1_60' title='bbox 337 1234 386 1311; x_wconf 88' lang='lat' dir='ltr'>qui</span> <span class='ocrx_word' id='word_1_61' title='bbox 402 1254 516 1292; x_wconf 88' lang='lat' dir='ltr'>somnos</span> <span class='ocrx_word' id='word_1_62' title='bbox 532 1250 680 1314; x_wconf 89' lang='lat' dir='ltr'>cantuque</span> <span class='ocrx_word' id='word_1_63' title='bbox 698 1255 844 1314; x_wconf 86' lang='lat' dir='ltr'>manuque</span> <span class='ocrx_word' id='word_1_64' title='bbox 859 1235 978 1310; x_wconf 87' lang='lat' dir='ltr'>solebat,</span> 
     </span>
     <span class='ocr_line' id='line_1_12' title="bbox 191 1314 846 1392; baseline 0.007 -21.202"><span class='ocrx_word' id='word_1_65' title='bbox 191 1314 420 1392; x_wconf 88' lang='lat' dir='ltr'>mulcebatque</span> <span class='ocrx_word' id='word_1_66' title='bbox 412 1335 466 1372; x_wconf 85' lang='lat' dir='ltr'>rras</span> <span class='ocrx_word' id='word_1_67' title='bbox 481 1329 510 1372; x_wconf 92' lang='lat' dir='ltr'>et</span> <span class='ocrx_word' id='word_1_68' title='bbox 525 1335 633 1374; x_wconf 90' lang='lat' dir='ltr'>morsus</span> <span class='ocrx_word' id='word_1_69' title='bbox 649 1332 710 1375; x_wconf 89' lang='lat' dir='ltr'>arte</span> <span class='ocrx_word' id='word_1_70' title='bbox 725 1317 846 1377; x_wconf 88' lang='lat' dir='ltr'>levabat.</span> 
     </span>
     <span class='ocr_line' id='line_1_13' title="bbox 154 1394 899 1488; baseline 0.005 -36"><span class='ocrx_word' id='word_1_71' title='bbox 154 1447 157 1460; x_wconf 83' lang='grc'>,</span> <span class='ocrx_word' id='word_1_72' title='bbox 191 1394 241 1452; x_wconf 89' lang='lat' dir='ltr'>sed</span> <span class='ocrx_word' id='word_1_73' title='bbox 256 1415 316 1452; x_wconf 91' lang='lat' dir='ltr'>non</span> <span class='ocrx_word' id='word_1_74' title='bbox 331 1394 497 1454; x_wconf 85' lang='lat' dir='ltr'>Dardaniae</span> <span class='ocrx_word' id='word_1_75' title='bbox 512 1395 650 1488; x_wconf 88' lang='lat' dir='ltr'>medicari</span> <span class='ocrx_word' id='word_1_76' title='bbox 665 1397 815 1476; x_wconf 89' lang='lat' dir='ltr'>cuspidis</span> <span class='ocrx_word' id='word_1_77' title='bbox 807 1413 899 1456; x_wconf 80' lang='lat' dir='ltr'>sctum</span> 
     </span>
     <span class='ocr_line' id='line_1_14' title="bbox 191 1475 920 1554; baseline 0.004 -21"><span class='ocrx_word' id='word_1_78' title='bbox 191 1475 310 1547; x_wconf 82' lang='lat' dir='ltr'>evaluit,</span> <span class='ocrx_word' id='word_1_79' title='bbox 326 1495 422 1554; x_wconf 92' lang='lat' dir='ltr'>neque</span> <span class='ocrx_word' id='word_1_80' title='bbox 438 1495 506 1534; x_wconf 86' lang='lat' dir='ltr'>eum</span> <span class='ocrx_word' id='word_1_81' title='bbox 520 1475 619 1534; x_wconf 90' lang='lat' dir='ltr'>iuvere</span> <span class='ocrx_word' id='word_1_82' title='bbox 635 1476 666 1534; x_wconf 95' lang='lat' dir='ltr'>in</span> <span class='ocrx_word' id='word_1_83' title='bbox 681 1477 803 1536; x_wconf 90' lang='lat' dir='ltr'>vulnera</span> <span class='ocrx_word' id='word_1_84' title='bbox 818 1493 920 1538; x_wconf 86' lang='lat' dir='ltr'>cantus</span> 
     </span>
     <span class='ocr_line' id='line_1_15' title="bbox 190 1555 959 1635; baseline 0.003 -21"><span class='ocrx_word' id='word_1_85' title='bbox 190 1555 340 1615; x_wconf 87' lang='lat' dir='ltr'>somniferi</span> <span class='ocrx_word' id='word_1_86' title='bbox 357 1571 386 1615; x_wconf 94' lang='lat' dir='ltr'>et</span> <span class='ocrx_word' id='word_1_87' title='bbox 401 1556 506 1615; x_wconf 89' lang='lat' dir='ltr'>Marsis</span> <span class='ocrx_word' id='word_1_88' title='bbox 521 1557 666 1635; x_wconf 89' lang='lat' dir='ltr'>quaesitae</span> <span class='ocrx_word' id='word_1_89' title='bbox 681 1558 830 1616; x_wconf 85' lang='lat' dir='ltr'>montibus</span> <span class='ocrx_word' id='word_1_90' title='bbox 844 1559 959 1618; x_wconf 89' lang='lat' dir='ltr'>herbae.</span> 
     </span>
     <span class='ocr_line' id='line_1_16' title="bbox 191 1637 914 1713; baseline 0.001 -18"><span class='ocrx_word' id='word_1_91' title='bbox 191 1651 337 1696; x_wconf 89' lang='lat' dir='ltr'>tenemus</span> <span class='ocrx_word' id='word_1_92' title='bbox 352 1637 518 1713; x_wconf 86' lang='lat' dir='ltr'>Anguitiae,</span> <span class='ocrx_word' id='word_1_93' title='bbox 533 1637 624 1697; x_wconf 86' lang='lat' dir='ltr'>vitrea</span> <span class='ocrx_word' id='word_1_94' title='bbox 640 1653 669 1696; x_wconf 94' lang='lat' dir='ltr'>te</span> <span class='ocrx_word' id='word_1_95' title='bbox 685 1638 811 1697; x_wconf 85' lang='lat' dir='ltr'>Fucinus</span> <span class='ocrx_word' id='word_1_96' title='bbox 826 1639 914 1710; x_wconf 90' lang='lat' dir='ltr'>unda,</span> 
     </span>
     <span class='ocr_line' id='line_1_17' title="bbox 190 1716 1061 1796; baseline 0.005 -21"><span class='ocrx_word' id='word_1_97' title='bbox 190 1732 219 1776; x_wconf 94' lang='lat' dir='ltr'>te</span> <span class='ocrx_word' id='word_1_98' title='bbox 233 1717 338 1796; x_wconf 91' lang='lat' dir='ltr'>liquidi</span> <span class='ocrx_word' id='word_1_99' title='bbox 353 1716 457 1777; x_wconf 85' lang='lat' dir='ltr'>flevere</span> <span class='ocrx_word' id='word_1_100' title='bbox 471 1719 561 1779; x_wconf 90' lang='lat' dir='ltr'>lacus.</span> <span class='ocrx_word' id='word_1_101' title='bbox 1021 1739 1061 1790; x_wconf 57' lang='grc' dir='ltr'>γὼ</span> 
     </span>
     <span class='ocr_line' id='line_1_18' title="bbox 230 1797 932 1892; baseline 0.003 -36"><span class='ocrx_word' id='word_1_102' title='bbox 230 1797 292 1857; x_wconf 89' lang='lat' dir='ltr'>ibat</span> <span class='ocrx_word' id='word_1_103' title='bbox 307 1814 336 1858; x_wconf 89' lang='lat' dir='ltr'>et</span> <span class='ocrx_word' id='word_1_104' title='bbox 338 1798 508 1890; x_wconf 84' lang='lat' dir='ltr'>Hippolyti</span> <span class='ocrx_word' id='word_1_105' title='bbox 522 1799 617 1877; x_wconf 88' lang='lat' dir='ltr'>proles</span> <span class='ocrx_word' id='word_1_106' title='bbox 631 1798 829 1876; x_wconf 86' lang='lat' dir='ltr'>pulcherrima</span> <span class='ocrx_word' id='word_1_107' title='bbox 843 1799 932 1892; x_wconf 82' lang='lat' dir='ltr'>bello,</span> 
     </span>
     <span class='ocr_line' id='line_1_19' title="bbox 190 1877 905 1958; baseline 0 -20"><span class='ocrx_word' id='word_1_108' title='bbox 190 1877 345 1949; x_wconf 87' lang='lat' dir='ltr'>Virbius,</span> <span class='ocrx_word' id='word_1_109' title='bbox 336 1879 481 1955; x_wconf 82' lang='lat' dir='ltr'>rnsignem</span> <span class='ocrx_word' id='word_1_110' title='bbox 495 1899 584 1958; x_wconf 90' lang='lat' dir='ltr'>quem</span> <span class='ocrx_word' id='word_1_111' title='bbox 599 1894 692 1938; x_wconf 89' lang='lat' dir='ltr'>mater</span> <span class='ocrx_word' id='word_1_112' title='bbox 705 1879 802 1938; x_wconf 89' lang='lat' dir='ltr'>Aricia</span> <span class='ocrx_word' id='word_1_113' title='bbox 817 1879 905 1952; x_wconf 88' lang='lat' dir='ltr'>misit,</span> 
     </span>
     <span class='ocr_line' id='line_1_20' title="bbox 190 1958 821 2037; baseline 0.003 -20"><span class='ocrx_word' id='word_1_114' title='bbox 190 1959 330 2018; x_wconf 90' lang='lat' dir='ltr'>eductum</span> <span class='ocrx_word' id='word_1_115' title='bbox 345 1959 461 2037; x_wconf 83' lang='lat' dir='ltr'>Egeriae</span> <span class='ocrx_word' id='word_1_116' title='bbox 476 1960 549 2018; x_wconf 90' lang='lat' dir='ltr'>lucis</span> <span class='ocrx_word' id='word_1_117' title='bbox 564 1958 695 2020; x_wconf 90' lang='lat' dir='ltr'>umentia</span> <span class='ocrx_word' id='word_1_118' title='bbox 709 1959 821 2020; x_wconf 88' lang='lat' dir='ltr'>circum</span> 
     </span>
     <span class='ocr_line' id='line_1_21' title="bbox 190 2039 890 2119; baseline 0.004 -20"><span class='ocrx_word' id='word_1_119' title='bbox 190 2039 328 2112; x_wconf 90' lang='lat' dir='ltr'>litora,</span> <span class='ocrx_word' id='word_1_120' title='bbox 298 2040 415 2119; x_wconf 86' lang='lat' dir='ltr'>prnguis</span> <span class='ocrx_word' id='word_1_121' title='bbox 430 2040 480 2099; x_wconf 91' lang='lat' dir='ltr'>ubi</span> <span class='ocrx_word' id='word_1_122' title='bbox 496 2055 526 2098; x_wconf 90' lang='lat' dir='ltr'>et</span> <span class='ocrx_word' id='word_1_123' title='bbox 539 2039 690 2119; x_wconf 87' lang='lat' dir='ltr'>placabilis</span> <span class='ocrx_word' id='word_1_124' title='bbox 706 2062 753 2099; x_wconf 93' lang='lat' dir='ltr'>ara</span> <span class='ocrx_word' id='word_1_125' title='bbox 767 2040 890 2102; x_wconf 88' lang='lat' dir='ltr'>Dianae.</span> 
     </span>
     <span class='ocr_line' id='line_1_22' title="bbox 190 2119 1058 2202; baseline 0.005 -23"><span class='ocrx_word' id='word_1_126' title='bbox 190 2141 317 2200; x_wconf 84' lang='lat' dir='ltr'>namque</span> <span class='ocrx_word' id='word_1_127' title='bbox 345 2119 442 2181; x_wconf 89' lang='lat' dir='ltr'>ferunt</span> <span class='ocrx_word' id='word_1_128' title='bbox 473 2121 550 2179; x_wconf 83' lang='lat' dir='ltr'>fama</span> <span class='ocrx_word' id='word_1_129' title='bbox 579 2120 789 2199; x_wconf 80' lang='lat' dir='ltr'>Hippolytum,</span> <span class='ocrx_word' id='word_1_130' title='bbox 816 2138 968 2202; x_wconf 87' lang='lat' dir='ltr'>postquam</span> <span class='ocrx_word' id='word_1_131' title='bbox 997 2139 1058 2184; x_wconf 87' lang='lat' dir='ltr'>arte</span> 
     </span>
     <span class='ocr_line' id='line_1_23' title="bbox 272 2221 414 2261; baseline 0 -1"><span class='ocrx_word' id='word_1_132' title='bbox 272 2221 414 2261; x_wconf 82' lang='lat' dir='ltr'>novercae</span> 
     </span>
     <span class='ocr_line' id='line_1_24' title="bbox 189 2281 917 2362; baseline 0.001 -21"><span class='ocrx_word' id='word_1_133' title='bbox 189 2282 328 2342; x_wconf 91' lang='lat' dir='ltr'>occiderit</span> <span class='ocrx_word' id='word_1_134' title='bbox 342 2283 504 2362; x_wconf 78' lang='lat' dir='ltr'>patriasque</span> <span class='ocrx_word' id='word_1_135' title='bbox 518 2281 643 2360; x_wconf 82' lang='lat' dir='ltr'>explerit</span> <span class='ocrx_word' id='word_1_136' title='bbox 656 2281 795 2360; x_wconf 87' lang='lat' dir='ltr'>sanguine</span> <span class='ocrx_word' id='word_1_137' title='bbox 808 2303 917 2361; x_wconf 76' lang='lat' dir='ltr'>poenas</span> 
     </span>
     <span class='ocr_line' id='line_1_25' title="bbox 190 2363 849 2443; baseline -0.003 -21"><span class='ocrx_word' id='word_1_138' title='bbox 190 2363 311 2422; x_wconf 88' lang='lat' dir='ltr'>turbatis</span> <span class='ocrx_word' id='word_1_139' title='bbox 325 2363 477 2424; x_wconf 89' lang='lat' dir='ltr'>distractus</span> <span class='ocrx_word' id='word_1_140' title='bbox 491 2363 581 2443; x_wconf 88' lang='lat' dir='ltr'>equis,</span> <span class='ocrx_word' id='word_1_141' title='bbox 597 2363 633 2421; x_wconf 93' lang='lat' dir='ltr'>ad</span> <span class='ocrx_word' id='word_1_142' title='bbox 647 2363 740 2422; x_wconf 84' lang='lat' dir='ltr'>sidera</span> <span class='ocrx_word' id='word_1_143' title='bbox 753 2383 849 2422; x_wconf 87' lang='lat' dir='ltr'>rursus</span> 
     </span>
     <span class='ocr_line' id='line_1_26' title="bbox 190 2443 880 2522; baseline 0 -20"><span class='ocrx_word' id='word_1_144' title='bbox 190 2444 317 2503; x_wconf 82' lang='lat' dir='ltr'>aetheria</span> <span class='ocrx_word' id='word_1_145' title='bbox 331 2459 361 2504; x_wconf 96' lang='lat' dir='ltr'>et</span> <span class='ocrx_word' id='word_1_146' title='bbox 375 2465 490 2522; x_wconf 81' lang='lat' dir='ltr'>superas</span> <span class='ocrx_word' id='word_1_147' title='bbox 505 2443 578 2503; x_wconf 89' lang='lat' dir='ltr'>caeli</span> <span class='ocrx_word' id='word_1_148' title='bbox 595 2443 707 2503; x_wconf 88' lang='lat' dir='ltr'>venisse</span> <span class='ocrx_word' id='word_1_149' title='bbox 722 2444 880 2515; x_wconf 79' lang='lat' dir='ltr'>subrutas,</span> 
     </span>
     <span class='ocr_line' id='line_1_27' title="bbox 191 2523 906 2586; baseline 0.001 -4"><span class='ocrx_word' id='word_1_150' title='bbox 191 2523 323 2584; x_wconf 85' lang='lat' dir='ltr'>Paeoniis</span> <span class='ocrx_word' id='word_1_151' title='bbox 337 2539 505 2585; x_wconf 86' lang='lat' dir='ltr'>revocatum</span> <span class='ocrx_word' id='word_1_152' title='bbox 518 2524 615 2586; x_wconf 83' lang='lat' dir='ltr'>herbis</span> <span class='ocrx_word' id='word_1_153' title='bbox 631 2539 660 2584; x_wconf 90' lang='lat' dir='ltr'>et</span> <span class='ocrx_word' id='word_1_154' title='bbox 674 2544 771 2584; x_wconf 87' lang='lat' dir='ltr'>amore</span> <span class='ocrx_word' id='word_1_155' title='bbox 785 2523 906 2583; x_wconf 88' lang='lat' dir='ltr'>Dianae.</span> 
     </span>
     <span class='ocr_line' id='line_1_28' title="bbox 190 2604 1055 2684; baseline 0 -20"><span class='ocrx_word' id='word_1_156' title='bbox 190 2619 253 2664; x_wconf 90' lang='lat' dir='ltr'>tum</span> <span class='ocrx_word' id='word_1_157' title='bbox 269 2606 352 2665; x_wconf 90' lang='lat' dir='ltr'>Pater</span> <span class='ocrx_word' id='word_1_158' title='bbox 369 2605 563 2684; x_wconf 88' lang='lat' dir='ltr'>omnipotens,</span> <span class='ocrx_word' id='word_1_159' title='bbox 574 2605 703 2684; x_wconf 86' lang='lat' dir='ltr'>aliquem</span> <span class='ocrx_word' id='word_1_160' title='bbox 718 2605 885 2684; x_wconf 87' lang='lat' dir='ltr'>indignatus</span> <span class='ocrx_word' id='word_1_161' title='bbox 897 2604 932 2664; x_wconf 90' lang='lat' dir='ltr'>ab</span> <span class='ocrx_word' id='word_1_162' title='bbox 947 2605 1055 2664; x_wconf 87' lang='lat' dir='ltr'>umbris</span> 
     </span>
     <span class='ocr_line' id='line_1_29' title="bbox 189 2685 1055 2763; baseline 0.001 -19"><span class='ocrx_word' id='word_1_163' title='bbox 189 2685 341 2745; x_wconf 83' lang='lat' dir='ltr'>mortalem</span> <span class='ocrx_word' id='word_1_164' title='bbox 355 2685 478 2745; x_wconf 84' lang='lat' dir='ltr'>infernis</span> <span class='ocrx_word' id='word_1_165' title='bbox 493 2685 529 2745; x_wconf 89' lang='lat' dir='ltr'>ad</span> <span class='ocrx_word' id='word_1_166' title='bbox 543 2685 655 2746; x_wconf 86' lang='lat' dir='ltr'>lumina</span> <span class='ocrx_word' id='word_1_167' title='bbox 671 2706 785 2763; x_wconf 83' lang='lat' dir='ltr'>surgere</span> <span class='ocrx_word' id='word_1_168' title='bbox 798 2686 884 2757; x_wconf 86' lang='lat' dir='ltr'>vitae,</span> <span class='ocrx_word' id='word_1_169' title='bbox 1018 2717 1055 2757; x_wconf 82' lang='lat'>⁷7¹</span> 
     </span>
     <span class='ocr_line' id='line_1_30' title="bbox 188 2766 821 2846; baseline 0.003 -22"><span class='ocrx_word' id='word_1_170' title='bbox 188 2766 250 2844; x_wconf 90' lang='lat' dir='ltr'>ipse</span> <span class='ocrx_word' id='word_1_171' title='bbox 263 2784 439 2846; x_wconf 89' lang='lat' dir='ltr'>repertorem</span> <span class='ocrx_word' id='word_1_172' title='bbox 454 2766 617 2826; x_wconf 88' lang='lat' dir='ltr'>medicinae</span> <span class='ocrx_word' id='word_1_173' title='bbox 632 2767 698 2826; x_wconf 81' lang='lat' dir='ltr'>talis</span> <span class='ocrx_word' id='word_1_174' title='bbox 713 2782 742 2826; x_wconf 91' lang='lat' dir='ltr'>et</span> <span class='ocrx_word' id='word_1_175' title='bbox 756 2767 821 2826; x_wconf 87' lang='lat' dir='ltr'>artis</span> 
     </span>
     <span class='ocr_line' id='line_1_31' title="bbox 189 2847 974 2926; baseline 0.003 -20"><span class='ocrx_word' id='word_1_176' title='bbox 189 2847 314 2906; x_wconf 89' lang='lat' dir='ltr'>fulmine</span> <span class='ocrx_word' id='word_1_177' title='bbox 331 2847 546 2924; x_wconf 88' lang='lat' dir='ltr'>Phoebigenam</span> <span class='ocrx_word' id='word_1_178' title='bbox 562 2848 673 2926; x_wconf 84' lang='lat' dir='ltr'>Stygias</span> <span class='ocrx_word' id='word_1_179' title='bbox 687 2847 809 2908; x_wconf 88' lang='lat' dir='ltr'>detrusit</span> <span class='ocrx_word' id='word_1_180' title='bbox 824 2847 860 2907; x_wconf 85' lang='lat' dir='ltr'>ad</span> <span class='ocrx_word' id='word_1_181' title='bbox 875 2848 974 2909; x_wconf 85' lang='lat' dir='ltr'>undas.</span> 
     </span>
     <span class='ocr_line' id='line_1_32' title="bbox 189 2927 915 3008; baseline 0.001 -22"><span class='ocrx_word' id='word_1_182' title='bbox 189 2942 218 2987; x_wconf 90' lang='lat' dir='ltr'>at</span> <span class='ocrx_word' id='word_1_183' title='bbox 233 2927 336 2987; x_wconf 87' lang='lat' dir='ltr'>Trivia</span> <span class='ocrx_word' id='word_1_184' title='bbox 352 2929 547 3008; x_wconf 88' lang='lat' dir='ltr'>Hippolytum</span> <span class='ocrx_word' id='word_1_185' title='bbox 562 2929 678 2990; x_wconf 88' lang='lat' dir='ltr'>secretis</span> <span class='ocrx_word' id='word_1_186' title='bbox 693 2929 768 2988; x_wconf 86' lang='lat' dir='ltr'>alma</span> <span class='ocrx_word' id='word_1_187' title='bbox 782 2929 915 2989; x_wconf 88' lang='lat' dir='ltr'>recondit</span> 
     </span>
     <span class='ocr_line' id='line_1_33' title="bbox 188 3008 971 3088; baseline 0.003 -21"><span class='ocrx_word' id='word_1_188' title='bbox 188 3009 313 3082; x_wconf 88' lang='lat' dir='ltr'>sedibus,</span> <span class='ocrx_word' id='word_1_189' title='bbox 330 3015 363 3069; x_wconf 80' lang='lat' dir='ltr'>et&#39;</span> <span class='ocrx_word' id='word_1_190' title='bbox 373 3012 519 3088; x_wconf 84' lang='lat' dir='ltr'>nymphae</span> <span class='ocrx_word' id='word_1_191' title='bbox 535 3010 655 3087; x_wconf 89' lang='lat' dir='ltr'>Egeriae</span> <span class='ocrx_word' id='word_1_192' title='bbox 671 3008 840 3088; x_wconf 86' lang='lat' dir='ltr'>nemorique</span> <span class='ocrx_word' id='word_1_193' title='bbox 854 3011 971 3088; x_wconf 83' lang='lat' dir='ltr'>relegat,</span> 
     </span>
     <span class='ocr_line' id='line_1_34' title="bbox 188 3090 832 3168; baseline 0.003 -20"><span class='ocrx_word' id='word_1_194' title='bbox 188 3091 263 3148; x_wconf 89' lang='lat' dir='ltr'>solus</span> <span class='ocrx_word' id='word_1_195' title='bbox 277 3090 327 3150; x_wconf 92' lang='lat' dir='ltr'>ubi</span> <span class='ocrx_word' id='word_1_196' title='bbox 342 3090 373 3149; x_wconf 90' lang='lat' dir='ltr'>in</span> <span class='ocrx_word' id='word_1_197' title='bbox 389 3091 467 3149; x_wconf 86' lang='lat' dir='ltr'>silvis</span> <span class='ocrx_word' id='word_1_198' title='bbox 482 3091 564 3150; x_wconf 91' lang='lat' dir='ltr'>Italis</span> <span class='ocrx_word' id='word_1_199' title='bbox 580 3091 714 3168; x_wconf 86' lang='lat' dir='ltr'>ignobilis</span> <span class='ocrx_word' id='word_1_200' title='bbox 729 3111 832 3150; x_wconf 82' lang='lat' dir='ltr'>aevum</span> 
     </span>
     <span class='ocr_line' id='line_1_35' title="bbox 188 3170 910 3251; baseline 0.006 -23"><span class='ocrx_word' id='word_1_201' title='bbox 188 3170 327 3250; x_wconf 86' lang='lat' dir='ltr'>exigeret,</span> <span class='ocrx_word' id='word_1_202' title='bbox 340 3191 479 3251; x_wconf 91' lang='lat' dir='ltr'>versoque</span> <span class='ocrx_word' id='word_1_203' title='bbox 494 3171 543 3230; x_wconf 92' lang='lat' dir='ltr'>ubi</span> <span class='ocrx_word' id='word_1_204' title='bbox 559 3172 678 3230; x_wconf 89' lang='lat' dir='ltr'>nomine</span> <span class='ocrx_word' id='word_1_205' title='bbox 694 3171 812 3231; x_wconf 88' lang='lat' dir='ltr'>Virbius</span> <span class='ocrx_word' id='word_1_206' title='bbox 828 3189 910 3234; x_wconf 85' lang='lat' dir='ltr'>esset.</span> 
     </span>
     <span class='ocr_line' id='line_1_36' title="bbox 187 3251 902 3332; baseline 0.004 -23"><span class='ocrx_word' id='word_1_207' title='bbox 187 3251 266 3310; x_wconf 90' lang='lat' dir='ltr'>unde</span> <span class='ocrx_word' id='word_1_208' title='bbox 281 3251 369 3311; x_wconf 86' lang='lat' dir='ltr'>etiam</span> <span class='ocrx_word' id='word_1_209' title='bbox 384 3252 495 3331; x_wconf 88' lang='lat' dir='ltr'>templo</span> <span class='ocrx_word' id='word_1_210' title='bbox 509 3251 628 3311; x_wconf 77' lang='lat' dir='ltr'>Triviae</span> <span class='ocrx_word' id='word_1_211' title='bbox 644 3252 772 3332; x_wconf 88' lang='lat' dir='ltr'>lucisque</span> <span class='ocrx_word' id='word_1_212' title='bbox 787 3253 902 3313; x_wconf 78' lang='lat' dir='ltr'>sacratis</span> 
     </span>
     <span class='ocr_line' id='line_1_37' title="bbox 186 3331 1007 3414; baseline 0.006 -24"><span class='ocrx_word' id='word_1_213' title='bbox 186 3331 358 3410; x_wconf 81' lang='lat' dir='ltr'>cornipedes</span> <span class='ocrx_word' id='word_1_214' title='bbox 372 3349 507 3392; x_wconf 78' lang='lat' dir='ltr'>arcentur</span> <span class='ocrx_word' id='word_1_215' title='bbox 521 3333 599 3411; x_wconf 89' lang='lat' dir='ltr'>equi,</span> <span class='ocrx_word' id='word_1_216' title='bbox 613 3333 691 3414; x_wconf 89' lang='lat' dir='ltr'>quod</span> <span class='ocrx_word' id='word_1_217' title='bbox 706 3334 791 3394; x_wconf 89' lang='lat' dir='ltr'>litore</span> <span class='ocrx_word' id='word_1_218' title='bbox 805 3355 921 3394; x_wconf 88' lang='lat' dir='ltr'>currum</span> <span class='ocrx_word' id='word_1_219' title='bbox 1005 3344 1007 3346; x_wconf 80' lang='grc'><strong>’</strong></span> 
     </span>
     <span class='ocr_line' id='line_1_38' title="bbox 186 3411 1053 3494; baseline 0.005 -24"><span class='ocrx_word' id='word_1_220' title='bbox 186 3427 216 3470; x_wconf 94' lang='lat' dir='ltr'>et</span> <span class='ocrx_word' id='word_1_221' title='bbox 230 3411 367 3472; x_wconf 88' lang='lat' dir='ltr'>iuvenem</span> <span class='ocrx_word' id='word_1_222' title='bbox 382 3413 517 3474; x_wconf 80' lang='lat' dir='ltr'>monstris</span> <span class='ocrx_word' id='word_1_223' title='bbox 530 3415 627 3494; x_wconf 89' lang='lat' dir='ltr'>pavidi</span> <span class='ocrx_word' id='word_1_224' title='bbox 644 3415 771 3476; x_wconf 88' lang='lat' dir='ltr'>effudere</span> <span class='ocrx_word' id='word_1_225' title='bbox 786 3416 1053 3484; x_wconf 67' lang='lat' dir='ltr'>marinisque</span> 
     </span>
    </p>
   </div>
   <div class='ocr_carea' id='block_1_3' title="bbox 342 3509 855 3573">
    <p class='ocr_par' dir='ltr' id='par_1_3' title="bbox 342 3509 855 3573">
     <span class='ocr_line' id='line_1_39' title="bbox 342 3509 855 3573; baseline 0.004 -18"><span class='ocrx_word' id='word_1_226' title='bbox 342 3519 388 3571; x_wconf 82' lang='lat'>757</span> <span class='ocrx_word' id='word_1_227' title='bbox 406 3509 509 3558; x_wconf 67' lang='lat' dir='ltr'>volume.</span> <span class='ocrx_word' id='word_1_228' title='bbox 626 3523 671 3573; x_wconf 81' lang='lat'>773</span> <span class='ocrx_word' id='word_1_229' title='bbox 691 3510 855 3572; x_wconf 78' lang='lat' dir='ltr'>Poeuigenrm</span> 
     </span>
    </p>
   </div>
   <div class='ocr_carea' id='block_1_4' title="bbox 0 0 1288 4114">
    <p class='ocr_par' dir='ltr' id='par_1_4' title="bbox 0 0 1288 4114">
     <span class='ocr_line' id='line_1_40' title="bbox 0 0 1288 4114; baseline 0 2"><span class='ocrx_word' id='word_1_230' title='bbox 0 0 1288 4114; x_wconf 95' lang='lat' dir='ltr'> </span> 
     </span>
    </p>
   </div>
  </div>
 </body>
</html>
