2556 4116
399 381 587 429 BUCOLICA:
613 382 685 429 ECL.
701 381 741 429 111

151 499 178 571 ¹si
193 518 298 583 nescis,
314 532 395 570 meus
411 511 461 570 ille
477 533 562 590 caper
576 513 654 583 fuit3
675 528 704 570 et
719 513 790 570 mihi
805 513 920 571 Damon

154 594 216 671 ipse
231 593 374 651 fatebatur
387 617 396 663 ;
418 594 468 652 sed
480 593 599 652 reddere
614 615 696 671 posse
712 595 843 668 negabat.

199 675 244 734 M.
268 674 411 732 cantando
421 689 452 733 tu
463 675 570 733 illum?
585 691 634 733 aut
644 695 780 753 umquam
790 675 842 732 tibi
855 675 949 734 fistula
958 697 1024 734 cera
1119 749 1124 760 ι

155 756 257 814 iuncta
271 755 349 813 fuit?
371 776 430 813 non
446 771 477 813 tu
493 755 523 812 in
538 756 637 826 triviis,
654 756 780 826 indocte,
795 755 902 813 solebas

156 836 289 894 stridenti
304 836 441 894 miserum
457 837 562 914 stipula
577 837 741 915 disperdere
756 841 895 894 carmen?

201 917 241 975 D.
263 917 304 974 vis
320 937 386 992 ergo
401 917 543 975 internos
558 917 628 996 quid
642 918 732 995 possit
746 933 867 994 uterque
882 917 1010 976 vicissim

157 998 360 1075 experiamur?
382 1018 433 1073 ego
447 1000 521 1056 hanc
537 999 737 1057 vitulam—ne
752 999 829 1056 forte
842 1019 964 1069 recuses,

156 1079 200 1136 bis
214 1079 295 1136 venit
309 1079 345 1136 ad
358 1080 524 1150 mulctram,
535 1079 618 1138 binos
633 1080 683 1137 alit
698 1079 787 1138 ubere
802 1080 919 1137 fetus—
1000 1111 1025 1147 30

156 1160 270 1236 depono
285 1182 291 1217 :
315 1174 346 1217 tu
362 1159 418 1230 dic,
434 1180 551 1218 mecum
566 1181 624 1238 quo
639 1161 758 1238 pignore
773 1176 874 1219 certes.

200 1241 245 1298 M.
267 1240 304 1298 de
315 1260 399 1316 grege
411 1261 470 1298 non
480 1241 570 1298 ausim
582 1242 738 1320 quicquam
747 1241 891 1319 deponere
903 1256 1001 1299 tecum
1016 1261 1023 1299 ε

157 1335 198 1378 est
213 1321 285 1378 mihi
301 1340 426 1399 namque
440 1321 518 1379 domi
533 1338 623 1399 pater,
640 1337 681 1380 est
695 1322 801 1380 iniusta
814 1342 961 1388 noverca;

157 1402 257 1480 bisque
272 1401 319 1459 die
334 1419 488 1460 numerant
502 1403 586 1460 ambo
600 1423 700 1480 pecus,
715 1403 786 1461 alter
801 1419 830 1461 et
844 1403 960 1462 haedos.

157 1503 266 1554 verum,
281 1482 312 1540 id
326 1482 404 1560 quod
419 1484 511 1542 multo
526 1499 587 1542 tute
602 1484 663 1561 ipse
678 1483 807 1542 fatebere
822 1483 957 1542 maius-

156 1563 281 1621 insanire
296 1564 369 1622 libet
383 1565 521 1642 quoniam
536 1564 736 1642 tibi—pocula
749 1584 856 1642 ponam

157 1644 259 1718 fagina,
276 1646 417 1702 caelatum
433 1644 524 1702 divini
539 1666 609 1722 opus
623 1645 836 1704 Alcimedontis
851 1668 857 1703 :

156 1725 234 1783 lenta
248 1725 352 1802 quibus
368 1740 451 1783 torno
466 1726 545 1783 facili
561 1747 645 1804 super
660 1726 757 1784 addita
771 1726 838 1783 vitis

155 1806 272 1864 diffusos
287 1806 393 1864 hedera
408 1807 493 1864 vestit
508 1807 636 1883 pallente
652 1806 810 1882 corymbos.

155 1887 185 1943 in
201 1886 299 1944 medio
313 1887 372 1945 duo
386 1887 474 1962 signa,
490 1888 594 1947 Conon
610 1887 743 1966 et—quis
758 1887 814 1945 fuit
829 1888 909 1957 alter,
997 1917 1023 1955 40

156 1967 306 2044 descripsit
319 1967 400 2026 radio
415 1984 509 2026 totum
524 1969 573 2046 qui
588 1968 722 2044 gentibus
736 1969 845 2039 orbem,

156 2063 285 2127 tempora
300 2070 372 2126 quae
387 2069 503 2121 messor,
519 2070 592 2127 quae
607 2070 710 2108 curvus
726 2065 817 2107 arator
831 2049 972 2107 haberet?

157 2129 282 2187 necdum
297 2129 354 2187 illis
369 2130 447 2188 labra
461 2130 583 2202 admovi,
599 2130 648 2188 sed
663 2130 782 2188 condita
795 2151 885 2189 servo.

199 2210 240 2269 D.
262 2226 292 2268 et
307 2211 388 2269 nobis
403 2210 482 2268 idem
496 2211 673 2269 Alcimedon
688 2211 747 2268 duo
760 2211 865 2288 pocula
881 2210 961 2282 fecit,

157 2306 185 2349 et
200 2291 281 2349 molli
297 2292 407 2349 circum
422 2307 465 2350 est
480 2311 557 2350 ansas
573 2292 722 2368 amplexus
737 2293 868 2360 acantho,

157 2373 332 2451 Orpheaque
346 2372 377 2430 in
393 2372 489 2430 medio
503 2371 598 2450 posuit
612 2371 753 2449 silvasque
768 2386 919 2450 sequentes
931 2395 940 2438 ;

156 2452 283 2510 necdum
297 2453 356 2510 illis
370 2453 449 2511 labra
463 2452 586 2522 admovi,
602 2452 652 2510 sed
667 2452 784 2510 condita
799 2472 887 2510 servo.

156 2533 178 2590 si
193 2533 229 2592 ad
243 2533 365 2592 vitulam
379 2549 498 2611 spectas,
514 2533 587 2591 nihil
604 2549 647 2590 est
661 2532 738 2612 quod
752 2533 856 2611 pocula
872 2531 980 2590 laudes.

198 2615 244 2673 M.
267 2633 426 2692 numquam
441 2614 527 2672 hodie
546 2614 686 2690 effugies3
707 2613 821 2671 veniam
836 2632 1020 2691 quocumque

236 2696 356 2754 vocaris.

156 2776 251 2834 audiat
265 2778 336 2835 haec
346 2778 546 2834 tantum—vel
559 2777 608 2854 qui
618 2777 710 2847 venit,
722 2782 800 2847 ecc'e,
812 2775 976 2834 Palaemon.
997 2803 1022 2842 ⁵0

156 2857 287 2927 efficiam,
300 2859 416 2934 posthac
432 2877 469 2914 ne
484 2877 660 2936 quemquam
674 2878 745 2915 voce
760 2858 885 2915 lacessas.

199 2938 239 2996 D.
261 2937 332 3016 quin
344 2959 405 3013 age,
415 2937 436 2995 si
446 2938 517 3014 quid
527 2939 622 3008 habes,
634 2938 664 2994 in
676 2958 722 2995 me
732 2957 810 2995 mora
819 2958 877 2995 non
887 2936 941 2995 erit
953 2936 1019 3008 ulla,

155 3037 209 3076 nec
225 3037 400 3096 quemquam
415 3018 515 3094 fugio:
539 3034 660 3091 tantum,
676 3019 772 3077 vicine
789 3019 952 3090 Palaemon,

155 3098 282 3157 sensibus
296 3101 366 3157 haec
382 3099 530 3157 imis-res
544 3115 587 3158 est
601 3120 660 3156 non
675 3121 928 3178 parva—reponas.

196 3181 230 3238 P.
258 3180 358 3251 dicite,
393 3170 626 3258 quandoquidem
661 3179 692 3237 in
728 3180 808 3238 molli
840 3180 1020 3238 consedimus

235 3260 332 3331 herba,
779 3269 784 3276 '

155 3357 183 3398 et
198 3361 279 3399 nunc
295 3342 387 3400 omnis
403 3362 477 3417 ager,
492 3362 571 3400 nunc
586 3342 679 3400 omnis
693 3343 813 3419 parturit
828 3343 917 3412 arbos,

155 3441 235 3480 nunc
251 3423 386 3481 frondent
400 3423 497 3494 silvae,
512 3443 590 3481 nunc
606 3424 822 3482 formosissimus
837 3441 937 3479 annus.
