2568 4114
242 333 288 397 ιιι
515 333 542 382 P.
560 332 702 388 vsnorn
721 331 879 383 nanonrs

281 465 330 527 hic
345 465 458 541 galeam
474 462 558 523 tectis
574 463 702 540 trepidus
717 463 815 542 rapit3
837 463 888 524 ille
903 463 1062 522 frementes

282 545 340 605 ad
333 566 398 628 ruga
413 543 491 622 cogit
506 565 617 622 equos.;
638 542 823 636 clipeumque
839 563 967 622 auroque
983 544 1110 610 trilicem

281 623 402 686 loricam
417 625 561 697 induitur,
575 623 691 704 fidoque
707 624 868 700 accingitur
883 645 961 686 ense.
1111 645 1150 694 ιιι

321 705 442 800 pandite
457 725 538 768 nunc
554 705 712 778 Helicona,
728 705 809 778 deae,
825 720 985 783 cantusque
1000 722 1126 778 movete,

259 843 261 851 ι
281 809 331 868 qur
323 787 425 848 bello
440 786 529 850 exciti
543 807 633 864 reges,
649 807 723 865 quae
738 807 923 880 quemque
899 802 1015 848 secutae

281 867 459 947 complerint
473 888 591 946 campos
606 867 690 940 acies,
706 869 810 960 quibus
826 866 923 926 Itala'
916 888 973 926 ram
989 883 1052 928 tum

280 949 409 1009 floruerit
424 963 500 1011 terra
515 945 631 1006 alma
604 948 680 1020 vnis,
696 947 800 1028 quibus
815 947 914 1006 arserit
929 948 1033 1019 armis3

281 1045 310 1090 et
325 1027 499 1088 meministis
515 1028 604 1102 enim,
619 1029 713 1101 divae,
730 1044 759 1088 et
773 1049 932 1088 memorare
946 1029 1092 1107 potestis;

280 1112 317 1170 ad
332 1131 383 1170 nos
398 1110 447 1168 vix
463 1109 558 1170 tenuis
574 1110 667 1170 famae
682 1109 843 1187 perlabitur
857 1130 934 1175 aura.

319 1192 430 1271 primus
444 1190 500 1250 init
514 1190 627 1252 bellum
642 1190 803 1268 Tyrrhenis
819 1211 901 1270 asper
915 1191 950 1249 ab
964 1190 1022 1252 oris

206 1329 209 1336 ,
279 1287 465 1365 contemptor
479 1270 578 1330 divom
594 1271 761 1332 Mezentius
777 1271 949 1364 agminaque
963 1286 1065 1336 armat

279 1353 355 1413 filius
370 1351 462 1411 huic
453 1367 536 1414 ruxta
550 1353 671 1424 Lausus,
686 1373 744 1432 quo
757 1351 908 1431 pulchrior
921 1352 995 1411 alter

279 1454 340 1492 non
354 1432 421 1504 fuit,
437 1447 560 1510 excepto
575 1433 730 1492 Laurentis
744 1452 864 1511 corpore
876 1432 983 1493 Turni.
1111 1452 1151 1499 650

280 1514 400 1586 Lausus,
415 1533 525 1592 equum
539 1513 666 1571 domitor
681 1513 899 1594 debellatorque
914 1513 1050 1585 ferarum,

279 1594 361 1653 ducit
374 1593 513 1672 Agyllina
528 1593 707 1688 nequiquam
723 1615 758 1654 ex
774 1594 844 1659 urbe
859 1609 972 1654 secutos

279 1674 402 1734 mille'
374 1696 462 1767 yrros,
476 1673 590 1768 dignus,
604 1675 705 1753 patriis
741 1696 770 1734 ur
762 1675 886 1738 laetior
900 1689 974 1736 esset

278 1755 417 1834 imperiis,
433 1771 463 1814 et
477 1753 525 1814 cui
539 1771 624 1834 pater
638 1756 717 1817 haud
770 1755 899 1848 ezentius
915 1771 996 1815 esset.

318 1853 384 1915 post
398 1836 474 1894 hos
465 1835 610 1915 rnsignenr
624 1837 721 1915 palma
735 1857 788 1914 per
804 1836 933 1912 gramina
947 1856 1066 1896 currum

278 1917 461 1995 victoresque
475 1931 604 1980 ostentat
619 1937 708 1998 equos
722 1933 797 1976 satus
813 1915 944 1982 Hercule
956 1918 1083 1995 pulchro

278 1997 402 2076 pulcher
415 1997 604 2068 Aventinus;
626 1995 802 2091 clipeoque
794 1996 908 2076 insigne
920 2013 1078 2076 paternum

279 2093 398 2136 centum
447 2098 555 2154 angues
608 2078 794 2158 cinctamque
839 2077 913 2156 gerit
961 2077 1147 2175 serpentibus

360 2158 515 2236 Hydram3

278 2238 359 2298 collis
373 2239 515 2300 Aventini
530 2239 602 2300 silva
617 2261 705 2319 quem
719 2241 802 2303 Rhea
817 2240 948 2302 sacerdos

278 2319 419 2379 furtivum
434 2335 518 2400 partu
533 2322 587 2384 sub
602 2321 721 2382 luminis
736 2321 829 2380 edidit
843 2342 914 2400 oras„
1108 2339 1149 2378 ⁶⁶0

277 2400 368 2463 mixta
383 2401 438 2461 deo
453 2401 568 2474 mulier,
582 2417 736 2480 postquam
751 2401 910 2466 Laurentia
923 2401 1017 2461 victor

278 2481 415 2558 Geryone
430 2481 575 2543 exstincto
591 2482 767 2576 Tirynthius
782 2482 877 2559 attigit
892 2504 967 2555 arva,

278 2560 494 2654 Tyrrhenoque
509 2562 620 2622 boves
611 2584 644 2630 ιιι
659 2561 780 2655 flumine
795 2563 866 2622 lavit
881 2563 1018 2628 Hiberas

276 2641 337 2720 pila
351 2663 439 2705 manu
455 2663 611 2724 saevosque
627 2659 733 2722 gerunt
747 2643 778 2702 in
794 2644 872 2702 bella
885 2643 1016 2714 dolones,
1082 2693 1085 2700 .

277 2737 306 2780 et
322 2723 406 2782 tereti
421 2738 555 2817 pugnant
569 2743 709 2785 mucrone
723 2745 852 2816 veruque
868 2725 993 2785 Sabello„

276 2802 337 2880 ipse
351 2804 450 2882 pedes,
465 2803 593 2880 tegimen
610 2819 748 2884 torquens
762 2803 880 2866 inmane
895 2803 999 2876 leonis,

277 2883 423 2943 terribili'
415 2905 555 2964 inpexum
571 2901 657 2958 saeta,
673 2907 741 2946 cum
755 2885 892 2947 dentibus
907 2884 979 2947 albis

276 2962 395 3024 indutus
410 2986 444 3026 ca
465 2965 510 3039 iti,
525 2966 566 3026 sic
581 2966 658 3042 regia
673 2981 750 3029 tecta
764 2965 888 3040 subibat,

275 3043 419 3118 horridus,
461 3046 643 3139 erculeoque
658 3067 771 3108 umeros
786 3046 911 3108 innexus
926 3045 1046 3112 amictu

317 3138 380 3182 tum
394 3126 503 3200 gemini
495 3127 619 3188 fratres
635 3127 773 3189 Tiburtia
788 3127 904 3186 moenia
919 3126 1071 3205 linquunt,
1107 3144 1152 3195 670

276 3204 371 3262 fratris
387 3204 507 3265 Tiburti
522 3207 631 3270 dictam
645 3207 819 3284 cognomine
833 3223 960 3284 gentem,

276 3283 460 3364 Catillusque
475 3307 599 3367 acerque
614 3288 714 3360 Coras,
728 3287 857 3364 Argiva'
849 3302 994 3360 iuventus,

453 3378 499 3441 638
517 3387 650 3436 trementes.
718 3379 764 3442 642
783 3380 858 3430 acciti.
