2568 4114
162 377 169 392 ·
260 387 309 435 234
533 370 561 418 Ρ.
578 368 721 417 vanem
739 368 899 417 nnuours

297 501 449 561 Anchisen
464 499 627 576 genitorem
643 515 671 559 et
686 499 754 557 vina
769 498 903 576 reponite
918 497 1041 558 mensis!

298 583 338 642 sic
353 581 460 641 deinde
477 581 578 640 effatus
593 580 743 638 frondenti
760 595 889 673 tempora
903 598 983 638 ramo

297 663 428 742 inplicat,
444 678 474 720 et
489 661 680 739 Geniumque
696 660 753 720 loci
771 661 952 739 primamque
965 661 1085 720 deorum

297 744 452 804 Tellurem
468 743 679 820 Nymphasque
696 756 725 800 et
740 740 857 800 adhuc'
849 756 949 834 ignota
962 757 1096 819 precatur

297 825 427 894 flumina,
444 840 506 883 tum
522 823 652 882 Noctem
667 822 832 901 Noctisque
846 821 968 880 orientia
982 821 1063 897 signa

297 907 476 984 Idaeumque
491 905 593 963 Iovem
609 903 822 982 Phrygiamque
838 923 873 961 er
888 903 990 961 ordine
1006 903 1136 962 Matrem

297 987 423 1058 invocat,
439 1001 469 1044 et
482 985 614 1063 duplices
628 985 770 1063 caeloque
786 984 937 1062 Ereboque
952 998 1096 1061 parentes.
1131 1015 1169 1052 140

296 1068 345 1127 hic
361 1068 446 1126 Pater
460 1067 647 1144 omnipotens
662 1082 705 1124 tet
720 1065 802 1124 caelo
817 1065 911 1124 clarus
924 1064 960 1122 ab
974 1064 1035 1124 alto

297 1148 427 1206 intonuit
428 1148 595 1241 ,radiisque
610 1147 762 1206 ardentem
778 1145 850 1204 lucis
867 1161 896 1204 et
913 1166 980 1204 auro

297 1230 358 1308 ipse
373 1249 461 1288 manu
476 1229 609 1306 quatiens
623 1227 750 1286 ostendit
766 1228 801 1285 ab
817 1229 935 1285 aethere
950 1226 1068 1285 nubem.

297 1310 406 1368 diditur
418 1309 468 1368 hic
483 1309 577 1368 subito
593 1309 724 1366 Troiana
739 1327 792 1386 per
806 1307 919 1400 agmina
933 1327 1039 1379 rumor,

297 1391 447 1450 advenisse
462 1389 550 1460 diem,
566 1410 623 1468 quo
639 1389 738 1448 debita
753 1388 870 1448 moenia
884 1388 1021 1447 condant

297 1471 431 1530 certatim
445 1470 606 1542 instaurant
622 1470 731 1548 epulas,
749 1485 834 1548 atque
850 1470 948 1528 omine
963 1488 1067 1544 magno

297 1567 420 1611 crateras
434 1550 504 1608 laeti
519 1565 651 1609 statuunt
667 1565 697 1609 et
711 1550 779 1609 vina
795 1566 945 1609 coronant.

337 1648 451 1711 postera
466 1631 640 1709 cumprime
656 1631 798 1690 lustrabat
814 1631 946 1710 lampade
962 1646 1049 1690 terras

296 1728 357 1771 orta
372 1713 443 1785 dies,
459 1712 561 1771 urbem
576 1727 606 1771 et
620 1711 693 1771 fines
709 1727 739 1770 et
754 1712 840 1771 litora
855 1712 948 1788 gentis

296 1794 401 1852 diversi
417 1793 592 1872 explorant·,
613 1794 685 1852 haec
701 1793 791 1851 fontis
808 1808 907 1869 stagna
923 1788 1055 1863 Numici,
1132 1820 1170 1857 150

297 1876 376 1933 hunc
392 1875 539 1952 Thybrim
554 1873 686 1946 fluvium,
701 1873 749 1932 hic
766 1874 854 1933 fortes
868 1873 1000 1932 habitare
1015 1871 1147 1931 Latinos.

298 1971 361 2014 tum
376 1970 453 2014 satus
467 1954 594 2014 Anchisa
609 1955 739 2014 delectos
756 1955 858 2012 ordine
873 1954 909 2012 ab
924 1953 1005 2013 omni

298 2051 418 2094 centum
432 2050 558 2094 oratores
573 2051 692 2110 augusta
708 2036 744 2093 ad
759 2035 874 2094 moenia
888 2034 960 2110 regis

298 2116 339 2175 ire
354 2116 445 2187 iubet,
461 2115 544 2174 ramis
559 2117 669 2175 velatos
686 2116 811 2174 Palladis
827 2135 936 2188 omnes,

297 2197 432 2275 donaque
446 2197 520 2254 ferre
534 2197 597 2255 viro
611 2217 771 2276 pacemque
787 2217 942 2276 exposcere
957 2195 1093 2256 Teucris.

297 2277 375 2336 haud
390 2297 478 2349 mora,
494 2277 634 2336 festinant
649 2278 716 2336 iussi
732 2277 897 2356 rapidisque
912 2278 1046 2336 feruntur

298 2357 435 2436 passibus
478 2358 540 2437 ipse
554 2359 659 2417 humili
676 2358 808 2434 designat
823 2358 939 2418 moenia
954 2358 1038 2430 fossa,
1111 2369 1113 2374 '

298 2439 480 2532 moliturque
489 2440 587 2498 locum
601 2439 765 2518 primasque
780 2439 812 2497 in
827 2439 912 2498 litore
928 2439 1019 2510 sedes,

299 2535 457 2578 castrorum
472 2519 503 2578 in
518 2539 638 2612 morem,
654 2519 752 2598 pinnis
769 2535 856 2599 atque
872 2540 973 2596 aggere
987 2519 1090 2595 cingit.

299 2599 414 2678 iamque
429 2601 485 2659 iter
500 2599 610 2658 emensi
626 2616 715 2659 turres
732 2621 776 2660 ac
781 2616 858 2660 tecta
873 2601 1045 2660 Latinorum
1133 2617 1172 2658 160

299 2680 387 2739 ardua
402 2681 583 2740 cernebant
575 2701 694 2740 iuvenes
711 2702 852 2760 muroque
867 2682 1012 2740 subibant.

298 2777 366 2820 ante
382 2762 483 2820 urbem
497 2762 580 2839 pueri
596 2777 626 2820 et
641 2763 789 2840 primaevo
803 2761 873 2820 flore
888 2763 1022 2820 iuventus

300 2857 472 2900 exercentur
486 2843 566 2921 equis
582 2842 785 2922 domitantque
800 2843 830 2901 in
846 2843 966 2921 pulvere
980 2861 1089 2912 currus,

299 2936 349 2979 aut
363 2943 440 2981 acres
457 2924 582 2982 tendunt
598 2943 691 2995 arcus,
706 2939 756 2982 aut
771 2924 851 2982 lenta
865 2922 980 2983 lacertis

299 3001 410 3078 spicula
425 3019 629 3082 contorquent,
647 3024 788 3083 cursuque
803 3004 923 3097 ictuque
937 3003 1105 3062 lacessunt:

299 3101 367 3140 cum
381 3100 550 3160 praevectus
566 3104 641 3163 equo
657 3084 789 3161 longaevi
804 3085 877 3161 regis
892 3085 930 3144 ad
944 3104 1023 3142 aures

299 3162 419 3221 nuntius
434 3164 566 3239 ingentes
582 3165 680 3240 ignota
695 3165 727 3224 in
741 3180 820 3224 veste
834 3179 962 3244 reportat

299 3242 489 3302 advenisse
462 3265 546 3304 viros.
589 3246 664 3304 ille
656 3261 731 3304 intra
746 3261 823 3305 tecta
837 3245 964 3306 vocari

298 3322 432 3400 imperat,
449 3339 478 3383 et
492 3326 565 3384 solio
581 3327 692 3385 medius
708 3327 840 3386 consedit
854 3326 942 3386 avito.

620 3419 662 3466 1⁶1
681 3433 811 3482 murosque.

663 3625 667 3656 l
