2568 4114
462 365 629 414 AENEIDOS
647 367 711 414 LIB.
728 369 754 414 V

191 495 368 554 seminecem
383 494 469 573 liquit
484 514 551 552 saxo
566 495 754 573 lacerumque
768 494 861 554 viator
870 521 879 566 ;

192 575 371 655 nequiquam
386 576 484 651 longos
499 575 614 650 fugiens
629 575 679 634 dat
694 595 814 654 corpore
830 592 931 650 tortus,

190 672 273 736 parte
287 657 379 728 ferox,
394 656 555 734 ardensque
570 655 671 729 oculis,
687 671 717 714 et
731 656 813 715 sibila
828 657 903 716 colla
975 659 979 666 '

191 738 297 797 arduus
311 737 466 808 attollens3
486 757 550 814 pars
564 737 685 796 vulnere
700 737 803 796 clauda
817 753 945 798 retentat

190 832 349 876 nexantem
364 817 447 876 nodis
462 837 550 895 seque
565 817 596 875 in
612 838 662 876 sua
677 819 807 877 membra
821 818 990 896 plicantem.

192 898 243 957 tali
259 897 378 974 remigio
393 897 474 956 navis
489 919 518 956 se
534 899 614 956 tarda
629 899 764 958 movebat
773 924 782 970 ;
1023 917 1061 958 aso

190 979 254 1038 vela
269 977 340 1036 facit
355 992 463 1050 tamen,
479 993 509 1036 et
522 978 594 1036 velis
609 979 686 1037 subit
701 979 773 1038 ostia
788 979 892 1058 plenis.

192 1061 356 1135 Sergestum
369 1060 484 1117 Aeneas
498 1058 639 1136 promisso
653 1080 774 1119 munere
789 1061 889 1132 donat,

191 1155 331 1198 servatam
346 1140 384 1198 ob
399 1159 503 1198 navem
518 1140 610 1198 laetus
625 1139 774 1220 sociosque
789 1141 934 1201 reductos.

191 1219 242 1279 olli
257 1241 337 1279 serva
350 1220 446 1292 datur,
461 1239 583 1297 operum
597 1220 677 1279 haud
691 1220 789 1297 ignara
805 1221 969 1295 Minervae,

161 1331 164 1337 ·
192 1301 294 1360 Cressa
308 1319 409 1377 genus,
426 1301 544 1374 Pholoe,
559 1301 728 1380 geminique
743 1302 796 1361 sub
811 1303 901 1362 ubere
915 1302 987 1363 nati.

230 1383 286 1440 hoc
300 1381 367 1460 pius
380 1382 495 1439 Aeneas
510 1381 597 1438 misso
612 1382 773 1441 certamine
788 1383 884 1442 tendit

190 1462 372 1538 gramineum
383 1460 414 1520 in
427 1481 573 1539 campum,
585 1482 674 1540 quem
686 1463 811 1522 collibus
823 1463 953 1543 undique
965 1463 1059 1524 curvis

191 1543 348 1618 cingebant
363 1542 461 1614 silvae,
476 1543 632 1622 mediaque
647 1543 678 1602 in
693 1544 770 1602 valle
785 1544 890 1602 theatri

191 1624 284 1683 circus
299 1639 382 1694 erat;
403 1644 462 1703 quo
475 1643 506 1682 se
521 1623 621 1682 multis
636 1644 704 1683 cum
719 1625 837 1684 milibus
851 1627 935 1684 heros

191 1725 325 1766 consessu
340 1705 471 1763 medium
485 1704 555 1763 tulit
569 1719 776 1783 exstructoque
791 1705 906 1764 resedit.
1023 1735 1061 1775 290

191 1785 251 1879 hie,
264 1807 314 1865 qur
307 1785 405 1844 forte
419 1785 513 1845 velint
527 1784 630 1863 rapido
645 1785 824 1843 contendere
839 1805 934 1858 cursu,

191 1866 297 1925 invitat
311 1865 412 1944 pretiis
427 1865 548 1957 animos,
564 1879 594 1923 et
608 1863 745 1956 praemia
749 1864 843 1942 ponit.

192 1947 322 2026 undique
337 1945 519 2004 conveniunt
534 1943 646 2003 Teucri
662 1944 805 2024 mixtique
821 1945 928 2017 Sicani,

191 2027 281 2086 Nisus
296 2040 326 2086 et
341 2025 482 2102 Euryalus
496 2023 594 2117 primi,

191 2108 333 2184 Euryalus
348 2104 462 2164 forma
454 2104 574 2197 insignis
588 2104 756 2185 viridique
748 2124 877 2181 iuventa,

192 2188 282 2246 Nisus
296 2206 394 2246 amore
408 2185 457 2263 pio
471 2185 574 2263 pueri3
595 2206 667 2264 quos
682 2186 790 2248 deinde
804 2204 920 2248 secutus

191 2267 285 2344 regius
301 2266 412 2343 egregia
429 2265 535 2325 Priami
550 2267 587 2324 de
602 2266 691 2345 stirpe
705 2266 829 2341 Diores;

191 2351 271 2407 hunc
287 2347 380 2406 Salius
395 2346 481 2406 simul
496 2361 526 2406 et
541 2348 659 2420 Patron,
675 2367 799 2427 quorum
814 2350 888 2408 alter
900 2352 1046 2422 Acarnan,

191 2429 265 2487 alter
279 2429 316 2487 ab
329 2427 455 2488 Arcadio
470 2427 625 2504 Tegeaeae
640 2428 780 2504 sanguine
794 2430 909 2505 gentis;

192 2525 255 2569 tum
269 2509 329 2568 duo
340 2508 508 2568 Trinacrii
491 2528 630 2602 iuvenes,
643 2509 789 2602 ldelymus
801 2509 1000 2589 Panopesque,
1022 2541 1061 2580 300

193 2590 303 2649 adsueti
319 2589 407 2663 silvis,
422 2589 543 2650 comites
558 2589 679 2649 senioris
693 2591 817 2650 Acestae
826 2616 835 2662 ;

192 2671 276 2730 multi
291 2686 450 2749 praeterea,
464 2691 535 2750 quos
551 2671 628 2730 fama
643 2671 765 2730 obscura
778 2671 921 2732 recondit.

190 2752 304 2810 Aeneas
319 2751 424 2831 quibus
438 2751 470 2810 in
485 2751 589 2812 mediis
603 2751 644 2810 sic
660 2751 768 2810 deinde
784 2753 917 2812 locutus:

173 2832 316 2910 ‘accipite
329 2834 402 2891 haec
417 2832 531 2906 animis,
547 2833 695 2912 laetasque
709 2833 852 2892 advertite
866 2848 988 2893 mentes.

107 2933 111 2940 ·
193 2933 279 2972 nemo
294 2914 400 2972 euhoe
415 2933 537 2973 numero
551 2913 626 2972 mihi
641 2933 702 2971 non
716 2913 842 2973 donatus
856 2914 957 2974 abibit.

192 2993 304 3051 Gnosia
318 2992 388 3052 bina
401 2993 477 3052 dabo
491 2995 588 3053 levato
602 2993 700 3053 lucida
714 2994 792 3054 ferro

191 3072 311 3151 spicula,
326 3074 526 3168 caelatamque
539 3090 660 3151 argento
674 3075 751 3134 ferre
765 3074 944 3154 bipennem:

191 3153 326 3213 omnibus
340 3153 390 3213 hic
405 3155 461 3214 erit
475 3175 551 3214 unus
565 3156 668 3216 honos.
712 3170 768 3216 tres
783 3156 912 3235 praemia
925 3155 1012 3235 primi

191 3234 347 3312 accipient,
361 3232 492 3314 flavaque
507 3251 596 3314 caput
610 3250 767 3296 nectentur
781 3237 874 3296 oliva:

191 3314 300 3392 primus
315 3335 424 3394 equum
438 3316 586 3395 phaleris
577 3316 722 3393 insignem
736 3317 830 3378 victor
844 3318 969 3388 habeto;
1021 3347 1060 3386 ,ιο

248 3421 297 3470 279
313 3409 441 3458 nixantem.
475 3411 521 3474 285
539 3411 616 3460 ubera.
650 3423 698 3474 299
714 3411 813 3460 merdis
824 3414 914 3474 Tegeae
925 3413 959 3460 de
