2556 4116
505 367 532 416 P.
550 366 692 415 VERGILI
710 367 868 416 MARONIS

272 503 322 559 has
337 500 412 558 inter
426 498 608 577 mediamque
622 498 696 556 duae
710 498 878 556 mortalibus
894 500 980 575 aegris

272 601 393 640 munere
408 599 560 638 concessae
575 578 682 650 divom,
698 594 727 638 et
740 578 786 636 via
801 595 877 638 secta
890 600 943 657 per
958 581 1061 654 ambas,

273 662 405 740 obliquus
421 681 477 738 qua
492 681 520 718 se
535 660 679 736 signorum
694 675 817 718 verteret
831 660 910 719 ordo.

273 742 408 813 mundus,
423 757 456 800 ut
470 741 505 798 ad
521 741 667 818 Scythiam
683 740 880 819 Rhipaeasque
895 743 996 800 arduus
1011 762 1089 802 arces

273 823 427 898 consurgit,
441 821 582 900 premitur
595 821 705 898 Libyae
719 821 846 880 devexus
859 821 890 880 in
905 823 1033 882 Austros.
1103 855 1140 892 241

271 905 321 962 hic
336 919 434 962 vertex
450 903 531 960 nobis
546 923 657 979 semper
671 903 822 970 sublimis3
843 917 872 961 at
885 901 970 961 illum

273 985 325 1043 sub
339 984 459 1062 pedibus
475 984 546 1061 Styx
560 999 620 1042 atra
633 982 712 1042 videt
728 983 889 1062 Manesque
904 984 1050 1060 profundi.

273 1065 413 1124 maximus
428 1064 476 1123 hic
492 1064 571 1123 flexu
586 1064 700 1122 sinuoso
715 1064 837 1122 elabitur
850 1064 961 1140 Anguis

273 1146 383 1205 circum
397 1166 505 1224 perque
518 1146 589 1204 duas
603 1145 634 1204 in
650 1165 759 1204 morem
774 1143 901 1203 fluminis
915 1148 1029 1215 Arctos,

272 1228 377 1286 Arctos
393 1226 504 1289 Oceani
519 1242 683 1286 metuentes
698 1245 819 1304 aequore
835 1225 938 1302 tingui.

272 1307 344 1377 illic,
361 1323 393 1366 ut
406 1307 573 1385 perhibent,
587 1323 636 1366 aut
651 1307 821 1384 intempesta
836 1306 901 1365 silet
915 1327 974 1365 nox

273 1408 385 1465 semper
400 1402 429 1446 et
443 1388 561 1447 obtenta
575 1388 733 1446 densentur
748 1403 834 1446 nocte
849 1388 1006 1459 tenebrae;

274 1484 322 1528 aut
336 1467 410 1526 redit
424 1467 535 1525 anobis
550 1469 661 1526 Aurora
675 1467 812 1546 diemque
826 1468 948 1539 reducit,

274 1569 382 1626 nosque
397 1548 446 1606 ubi
461 1548 569 1624 primus
585 1547 665 1626 equis
681 1548 786 1606 Oriens
800 1549 915 1607 adflavit
930 1549 1048 1621 anhelis,
1104 1579 1143 1616 250

273 1630 335 1688 illic
351 1650 410 1688 sera
425 1629 529 1687 rubens
545 1629 679 1688 accendit
693 1629 804 1687 lumina
818 1630 937 1707 Vesper.

274 1711 343 1768 hinc
359 1725 541 1787 tempestates
554 1710 643 1769 dubio
657 1709 833 1788 praediscere
849 1710 927 1768 caelo

273 1811 430 1870 possumus,
444 1791 513 1850 hinc
529 1791 682 1884 messisque
698 1791 775 1850 diem
791 1807 958 1868 tempusque
973 1791 1095 1863 serendi,

275 1888 305 1931 et
318 1872 433 1950 quando
446 1871 569 1931 infidum
584 1872 668 1930 remis
682 1871 824 1949 inpellere
838 1891 960 1930 marmor

274 1952 438 2023 conveniat,
452 1953 567 2046 quando
582 1967 699 2012 armatas
714 1953 854 2011 deducere
869 1952 978 2024 classes,

275 2049 323 2092 aut
337 2033 537 2110 tempestivam
548 2032 624 2090 silvis
640 2050 766 2093 evertere
781 2033 892 2111 pinum.

273 2113 328 2172 nec
344 2114 445 2172 frustra
459 2113 605 2189 signorum
621 2113 716 2174 obitus
730 2114 912 2192 speculamur
926 2128 956 2173 et
969 2130 1046 2172 ortus

274 2195 507 2272 temporibusque
517 2215 618 2273 parem
633 2195 749 2254 diversis
763 2212 898 2274 quattuor
911 2215 1029 2254 annum.

315 2275 433 2351 frigidus
447 2275 600 2352 agricolam
615 2276 637 2334 si
653 2276 767 2354 quando
782 2277 912 2334 continet
926 2277 1026 2346 imber,

273 2357 373 2426 multa,
390 2357 484 2415 forent
498 2378 571 2436 quae
585 2377 654 2416 mox
669 2357 749 2416 caelo
763 2357 940 2434 properanda
955 2376 1063 2428 sereno,
1105 2376 1142 2414 πω

274 2454 414 2497 maturare
429 2437 533 2496 datur:
555 2439 660 2496 durum
673 2437 807 2514 procudit
821 2451 911 2494 arator

273 2517 395 2577 vomeris
410 2518 525 2576 obtunsi
542 2519 668 2587 dentem,
684 2532 764 2575 cavat
779 2516 876 2574 arbore
891 2517 999 2586 lintres,

274 2615 323 2658 aut
337 2599 434 2676 pecori
451 2599 565 2676 signum
579 2614 628 2657 aut
643 2617 776 2656 numeros
790 2597 923 2674 inpressit
937 2596 1053 2655 acervis.

274 2694 419 2739 exacuunt
433 2679 482 2738 alii
498 2678 586 2737 vallos
600 2679 750 2756 furcasque
766 2677 904 2750 bicornes,

275 2775 359 2838 atque
372 2760 511 2820 Amerina
524 2774 626 2838 parant
640 2758 735 2818 lentae
749 2757 908 2817 retinacula
920 2757 984 2818 viti.

275 2859 353 2899 nunc
369 2841 462 2900 facilis
477 2840 565 2900 rubea
580 2854 693 2899 texatur
708 2839 806 2898 fiscina
819 2839 907 2916 virga,

275 2940 354 2979 nunc
369 2937 473 2981 torrete
488 2922 549 2999 ignr
541 2921 668 2997 fruges,
683 2941 761 2980 nunc
778 2920 898 2996 frangite
913 2941 989 2979 saxo.

275 3001 383 3081 quippe
398 3003 485 3062 etiam
500 3003 578 3062 festis
593 3002 733 3096 quaedam
747 3020 881 3060 exercere
895 3001 996 3061 diebus

192 3127 193 3136 ,
276 3083 316 3140 fas
331 3097 361 3141 et
375 3082 435 3141 iura
451 3084 571 3142 sinunt:
592 3084 667 3142 rivos
681 3082 823 3142 deducere
837 3083 917 3141 nulla

276 3162 377 3238 religio
393 3163 496 3235 vetuit,
511 3164 599 3240 segeti
612 3164 801 3243 praetendere
816 3183 937 3241 saepem,
1106 3191 1144 3230 270

276 3243 391 3302 insidias
406 3244 504 3302 avibus
520 3244 626 3316 moliri,
640 3244 798 3304 incendere
812 3265 921 3322 vepres,

276 3323 482 3405 balantumque
497 3344 611 3401 gregem
625 3325 715 3386 fluvio
729 3345 850 3385 mersare
866 3324 982 3385 salubri.

461 3417 507 3480 248
526 3419 655 3469 densantur.
723 3431 771 3482 252
788 3419 922 3482 praedicere.
