2558 4112
274 371 318 436 146
548 367 576 418 P.
593 367 735 418 VERGILI
754 367 929 417 Mauouls.

356 519 423 576 ergo
438 498 583 577 insperata
598 497 717 556 tandem
733 498 839 556 tellure
853 497 940 575 potiti

313 578 606 659 lustramurquelovi
621 578 754 657 votisque
769 578 955 638 incendimus
967 600 1029 639 aras

312 661 458 739 Actiaque
473 659 572 719 Iliacis
587 660 768 719 celebramus
783 659 868 718 litora
882 659 968 719 ludis.
1146 681 1182 720 ,ιο

312 757 452 802 exercent
466 741 572 819 patrias
588 741 654 799 oleo
670 741 788 799 labente
801 740 957 819 palaestras

312 823 414 882 nudati
430 822 521 893 socii;
541 821 622 881 iuvat
637 820 759 880 evasisse
774 835 818 879 tot
832 822 916 880 urbes

311 903 462 980 Argolicas
487 902 658 981 mediosque
674 902 771 978 fugam
788 901 914 961 tenuisse
928 922 981 980 per
995 905 1101 962 hostes.

311 985 424 1043 interea
439 1003 577 1060 magnum
592 982 634 1041 sol
650 981 890 1042 circumvolvitur
903 1003 1023 1056 annum,

311 1081 341 1124 et
355 1064 484 1142 glacialis
499 1064 613 1142 hiemps
628 1063 826 1142 Aquilonibus
841 1078 953 1142 asperat
968 1063 1080 1122 undas:

310 1167 377 1205 aere
392 1167 464 1205 cavo
478 1145 618 1224 clipeum,
634 1145 732 1220 magni
746 1158 895 1220 gestamen
909 1144 1043 1217 Abantis,

310 1227 442 1305 postibus
457 1226 583 1286 adversis
597 1225 653 1302 figo
670 1240 700 1284 et
714 1244 776 1283 rem
791 1225 920 1284 carmine
935 1225 1038 1302 signo:

311 1327 416 1366 neuras
432 1327 509 1366 usuc
524 1327 561 1366 or
575 1327 678 1365 nsuars
692 1325 861 1365 vrcronmus
876 1325 968 1364 anus.

311 1389 445 1467 linquere
461 1403 523 1447 turn
537 1402 638 1465 portus
654 1387 741 1446 iubeo
757 1401 786 1445 et
801 1385 952 1446 considere
967 1385 1106 1446 transtris.

312 1468 446 1528 certatim
462 1467 532 1526 socii
547 1468 660 1526 feriunt
675 1487 754 1526 mare
769 1482 799 1526 et
813 1487 937 1545 aequora
951 1482 1081 1526 verrunt.
1145 1495 1181 1536 ²90

311 1549 444 1628 protinus
458 1547 547 1608 aerias
564 1549 730 1607 Phaeacum
745 1547 948 1607 abscondimus
963 1567 1040 1606 arces

312 1630 456 1707 litoraque
471 1629 552 1707 Epiri
569 1628 693 1705 legimus
707 1644 852 1708 portuque
867 1628 994 1688 subimus

313 1710 449 1770 Chaonio
465 1725 494 1769 et
510 1710 618 1768 celsam
635 1708 771 1768 Buthroti
787 1709 951 1768 accedimus
966 1710 1079 1769 urbem.

353 1792 402 1851 hic
417 1790 600 1850 incredibilis
615 1809 713 1849 rerum
728 1789 804 1848 fama
819 1806 944 1868 occupat
957 1811 1047 1862 aures,

314 1871 481 1931 Priamiden
497 1871 651 1930 Helenum
667 1871 770 1930 Graias
785 1891 904 1948 regnare
918 1892 971 1949 per
985 1837 1078 1964 urbis,

313 1953 450 2028 coniugio
463 1951 611 2010 Aeacidae
627 1951 730 2029 Pyrrhi
746 1952 924 2044 sceptrisque
938 1952 1074 2030 potitum,

314 2049 344 2093 et
357 2033 452 2126 patrio
466 2032 718 2092 Andromachen
710 2047 817 2091 aterum
831 2032 947 2091 cessisse
961 2031 1075 2090 marito.

314 2112 451 2192 obstipui,
466 2113 599 2206 miroque
613 2113 767 2172 incensum
781 2127 883 2190 pectus
898 2133 995 2172 amore

315 2193 533 2272 compellare'
506 2214 601 2253 virum
617 2209 647 2252 et
662 2214 741 2253 casus
757 2213 931 2270 cognoscere
946 2208 1050 2254 tantos.

313 2274 482 2354 progredior
495 2289 591 2352 portu,
607 2275 710 2333 classes
725 2289 755 2333 et
769 2274 854 2334 litora
869 2274 1014 2351 linquens,
1146 2303 1183 2344 3⁰⁰

315 2357 471 2414 sollemnes
486 2375 554 2414 cum
569 2355 646 2414 forte
661 2355 748 2433 dapes
765 2370 794 2414 et
809 2355 901 2413 tristia
915 2355 992 2413 dona

315 2453 385 2496 ante
398 2438 500 2496 urbem
515 2435 547 2494 in
562 2437 630 2496 luco
645 2435 710 2494 falsi
728 2436 882 2495 Simoentis
898 2436 934 2493 ad
949 2437 1057 2496 undam

315 2517 425 2576 libabat
440 2517 532 2577 cineri
547 2518 753 2576 Andromache
770 2518 933 2594 Manesque
946 2517 1069 2575 vocabat

222 2651 224 2656 .
316 2599 499 2658 Hectoreum
534 2597 571 2656 ad
614 2598 770 2669 tumulum,
805 2597 890 2656 viridi
933 2617 1020 2677 quem
1057 2595 1183 2675 caespite

396 2679 517 2738 inanem

318 2775 347 2818 et
360 2761 500 2836 geminas,
517 2779 631 2818 causam
646 2758 782 2832 lacrimis,
798 2773 957 2818 sacraverat
971 2777 1041 2817 aras.

317 2854 350 2899 ut
364 2859 411 2899 me
426 2841 580 2919 conspexit
594 2839 765 2898 venientem
780 2854 810 2898 et
824 2840 916 2898 Tro'r'a
930 2838 1041 2897 circum

192 2937 194 2944 “
210 2949 219 2958 ,
317 2939 394 2978 arma
410 2941 510 2980 amens
524 2919 608 2993 vidit,
622 2920 733 2996 magnis
749 2919 885 2978 exterrita
900 2919 1035 2978 monstris

317 2999 442 3075 deriguit
456 3001 519 3060 visu
534 3001 565 3059 in
580 3001 697 3072 medi03
718 3001 798 3059 calor
811 3021 872 3058 ossa
887 2999 1027 3078 reliquit3

317 3079 433 3153 labitur,
449 3096 479 3140 et
493 3083 581 3158 longo
595 3081 644 3140 vix
659 3081 779 3140 tandem
794 3095 925 3158 tempore
940 3080 1038 3138 fatur:
1266 3155 1267 3160 ἵ

299 3167 421 3218 ‘verane
437 3175 466 3220 te
481 3161 579 3234 facies,
594 3183 677 3221 verus
691 3161 763 3221 mihi
779 3161 899 3220 nuntius
914 3161 1018 3233 adfers,
1147 3187 1186 3226 310
1266 3169 1267 3248 }

317 3254 386 3298 nate
400 3240 477 3298 dea?
497 3241 630 3301 vivisne?
651 3257 709 3314 aut,
725 3241 747 3300 si
762 3241 813 3300 lux
828 3241 904 3300 alma
918 3241 1045 3313 recessit,

318 3320 432 3380 Hector
446 3320 497 3380 ubi
512 3337 555 3381 est
564 3323 593 3380 l'
608 3322 692 3395 dixit,
705 3321 896 3401 lacrimasque
909 3322 1012 3381 effudit
1024 3337 1055 3381 et
1065 3339 1188 3380 omnem

591 3429 638 3480 292
655 3425 734 3480 portua
745 3415 872 3466 Chaonios.
913 3485 914 3488 Ἴ
1266 3415 1267 3418 '
