2568 4114
349 365 353 370 .
402 325 570 374 AENEIDOS
588 325 651 374 LIB.
669 325 734 374 VIII

158 476 292 516 consessu
307 477 422 529 caveae,
436 456 548 532 magnis
564 455 750 515 Circensibus
765 456 845 528 actis,

158 537 318 609 addiderat,
333 537 488 617 subitoque
502 557 612 596 novum
626 557 796 612 consurgere
811 537 923 596 bellum

159 583 324 676 Romulidis
339 618 489 697 Tatioque
503 639 565 677 sem
557 618 767 696 Curibusque
781 617 895 676 severis.

158 714 223 778 post
237 698 338 757 idem'
330 713 408 758 mter
421 719 452 757 se
465 699 559 777 posito
574 698 735 758 certamine
748 719 828 774 reges

158 778 259 848 armati
274 779 351 838 Iovis
367 796 435 839 ante
449 800 527 838 aram
542 796 711 859 paterasque
727 795 860 839 tenentes
989 798 1028 846 ιφ

159 860 274 920 stabant
289 876 318 919 et
332 880 414 919 caesa
428 861 589 938 iungebant
604 862 720 920 foedera
734 881 830 939 porca.

159 942 237 1002 haud
250 941 351 1018 procul
366 941 437 1001 inde
452 942 527 1000 citae
544 943 677 1001 Mettum
691 942 724 1000 in
737 941 849 1000 diversa
863 941 1017 1019 quadrigae

159 1022 404 1082 distulerant-tt
419 1037 451 1081 tu
465 1021 562 1094 dictis,
576 1021 701 1094 Albaue,
715 1042 845 1082 maneres
859 1023 910 1082 l·-

159 1102 350 1181 raptabatque
363 1102 418 1162 viri
434 1102 582 1162 mendacis
597 1103 706 1162 viscera
721 1103 831 1162 Tullus

158 1204 210 1262 per
224 1183 335 1256 silvam,
351 1197 381 1242 et
395 1183 482 1261 sparsi
498 1184 635 1243 rorabant
650 1184 788 1260 sanguine
802 1204 912 1261 vepres.

160 1284 216 1323 nec
231 1284 291 1322 non
307 1263 505 1342 Tarquinium
520 1265 649 1325 eiectum
665 1265 811 1324 Porsenna
826 1264 947 1322 iubebat

160 1344 303 1422 accipere,
317 1344 491 1422 ingentique
506 1345 608 1404 urbem
624 1345 776 1404 obsidione
790 1345 961 1423 premebat3

159 1425 316 1484 Aeneadae
330 1425 362 1482 in
373 1425 484 1484 ferrum
498 1446 550 1503 pro
566 1426 701 1485 libertate
715 1426 847 1484 ruebant.

160 1507 245 1564 illum
261 1505 425 1582 indignanti
441 1506 567 1566 similem
582 1507 767 1584 similemque
781 1505 905 1566 minanti

162 1587 311 1664 aspiceres,
325 1601 448 1664 pontem
463 1587 582 1646 auderet
597 1589 665 1666 quia
680 1588 789 1646 vellere
804 1587 918 1656 Cocles,
992 1604 1031 1652 650

162 1684 191 1726 et
205 1666 328 1726 fluvium
341 1666 446 1726 vinclis
460 1668 576 1727 innaret
592 1668 709 1727 Cloelia
724 1668 825 1746 ruptis.

161 1749 192 1806 in
207 1767 321 1807 summo
334 1764 429 1807 custos
445 1749 592 1826 Tarpeiae
609 1746 740 1808 Manlius
755 1748 826 1806 arcis

163 1829 254 1888 stabat
267 1850 321 1907 pro
335 1829 446 1907 templo
461 1845 490 1888 et
505 1828 654 1907 Capitolia
669 1829 745 1887 celsa
760 1827 888 1900 tenebat,

163 1909 366 1988 Romuleoque
380 1931 481 1970 recens
495 1910 631 1969 horrebat
644 1908 721 1983 regia
736 1908 844 1968 culmo.

163 2007 250 2068 atque
264 1990 313 2050 bic
328 1991 432 2049 auratis
446 1990 570 2049 volitans
585 2005 736 2064 argenteus
751 2009 833 2048 anser

162 2072 322 2150 porticibus
338 2070 441 2130 Gallos
455 2071 487 2128 in
502 2070 606 2129 limine
621 2071 716 2129 adesse
731 2070 854 2129 canebat
867 2095 876 2141 3

165 2152 245 2211 Galli
261 2172 313 2229 per
326 2151 429 2209 dumos
444 2151 572 2224 aderant,
588 2171 741 2230 arcemque
756 2152 905 2220 tenebant,

164 2233 276 2291 defensi
292 2231 419 2291 tenebris
435 2247 464 2290 et
479 2232 558 2290 dono
572 2232 666 2290 noetis
682 2251 789 2309 opacae
802 2256 812 2301 ;

165 2317 249 2372 aurea
263 2312 400 2373 caesaries
415 2313 481 2372 ollis
497 2329 585 2390 atque
601 2333 686 2371 aurea
700 2313 786 2371 vestis
800 2337 808 2382 ς

164 2394 280 2470 virgatis
295 2394 398 2453 lucent
411 2394 538 2470 sagulis
558 2408 621 2452 tum
636 2394 731 2452 lactea
746 2392 821 2452 colla
996 2407 1033 2448 ⁶60

166 2496 235 2534 auro
248 2473 463 2546 iunectuntu13
484 2475 543 2533 duo
558 2474 681 2553 quisque
695 2473 805 2552 Alpina
820 2485 973 2532 coruscant

143 2583 145 2587 ·
166 2576 247 2631 gaesa
260 2575 359 2628 manu,
374 2556 463 2615 scutis
477 2555 601 2633 protecti
618 2576 737 2633 corpora
752 2553 854 2630 longis.

166 2636 215 2695 hic
230 2636 407 2696 exsultantes
424 2637 523 2709 Salios,
539 2637 689 2715 nudosque
704 2635 862 2712 Lupercos,

166 2717 365 2795 lanigerosque
380 2717 486 2795 apices,
500 2733 531 2776 et
545 2717 624 2795 lapsa
639 2715 745 2775 ancilia
760 2716 842 2774 caelo

168 2797 340 2868 extuderat3
361 2813 456 2857 castae
470 2798 618 2857 ducebant
632 2817 709 2857 sacra
724 2817 776 2875 per
791 2795 892 2854 urbem

166 2877 286 2957 pilentis
300 2891 404 2938 matres
419 2879 451 2938 in
467 2879 614 2938 mollibus.
654 2877 725 2937 hinc
741 2876 841 2954 procul
857 2875 937 2934 addit

167 2960 320 3018 Tartareas
335 2959 424 3018 etiam
438 2960 529 3032 sedes,
544 2960 602 3018 alta
615 2959 688 3018 ostia
703 2958 791 3031 Ditis,

168 3057 198 3100 et
212 3038 353 3099 scelerum
368 3059 484 3118 poenas,
500 3058 529 3101 et
543 3056 582 3113 te,
598 3039 740 3112 Catilina,
756 3037 862 3097 minaci

166 3120 345 3200 pendentem
360 3122 489 3199 scopulo,
506 3123 528 3179 F
529 3120 715 3200 uriarumque
729 3141 778 3178 ora
793 3133 978 3190 trementem,

167 3217 350 3281 secretosque
364 3201 438 3278 pios,
452 3202 497 3260 his
512 3203 632 3262 dantem
646 3202 710 3260 iura
725 3201 882 3260 Catonem.
997 3215 1035 3265 ⁶70

167 3284 238 3342 haec
253 3282 331 3342 inter
345 3282 450 3342 tumidi
465 3283 523 3343 late
538 3283 621 3342 maris
635 3283 696 3342 ibat
710 3283 804 3358 imago

535 3381 581 3444 657
599 3381 648 3431 olli.
