2562 4114
259 351 287 400 P.
305 351 448 398 VERGILI
465 351 624 399 MARONIS
641 351 807 400 AENEIDOS
824 351 888 401 LIB.
905 352 929 398 X
997 365 1044 414 299

178 479 326 538 obsidione
341 478 436 538 sines?
477 481 565 540 muris
580 481 685 540 iterum
701 480 826 540 inminet
839 480 927 540 hostis

179 560 325 619 nascentis
339 559 458 633 Troiae,
473 581 528 620 nec
545 583 604 620 non
621 561 764 621 exercitus
779 563 875 633 alter;

179 656 266 718 atque
281 640 387 701 iterum
401 640 432 700 in
448 642 579 702 Teucros
593 642 706 702 Aetolis
721 642 811 719 surgit
826 643 861 701 ab
876 643 963 720 Arpis

179 721 322 798 Tydides.
364 720 498 800 equidem
513 723 610 796 eredo,
626 744 690 785 mea
704 725 825 781 vulnera
839 739 958 796 restant,

179 817 208 860 et
224 817 272 861 tua
285 803 438 881 progenies
452 804 585 863 mortalia
599 804 735 863 demoror
749 825 826 864 arma
840 805 846 863 !
1021 834 1046 873 30

179 883 201 940 si
216 883 279 943 sine
292 905 365 962 pace
380 900 430 943 tua
445 900 532 964 atque
547 884 641 944 invito
656 885 777 944 numine
793 885 886 944 Troes

178 964 292 1022 Italiam
307 965 428 1043 petiere,
444 965 527 1024 luant
540 981 662 1044 peccata
677 986 772 1045 neque
787 965 853 1025 illos

178 1044 284 1103 iuveris
299 1046 405 1104 auxilio
420 1068 427 1105 ε
449 1045 494 1104 sin
510 1060 554 1105 tot
568 1067 705 1124 responsa
719 1048 820 1119 secuti,

178 1145 251 1204 quae
266 1126 361 1204 superi
371 1127 535 1206 Manesque
551 1127 670 1198 dabant,
684 1148 737 1186 cur
745 1147 825 1187 nunc
835 1141 885 1186 tua
894 1126 1045 1206 quisquam

177 1221 289 1266 vertere
304 1207 378 1267 iussa
392 1212 508 1285 potest?
522 1222 572 1286 aut
586 1228 639 1266 cur
652 1228 727 1267 nova
742 1207 868 1267 condere
883 1209 964 1266 fata?

178 1287 249 1364 quid
263 1302 393 1366 repetam
408 1303 522 1346 exustas
537 1288 665 1366 Erycino
679 1289 710 1346 in
726 1289 811 1347 litore
826 1289 951 1348 classes?

179 1367 249 1446 quid
265 1382 473 1445 tempestatum
488 1389 586 1445 regem
601 1385 760 1448 ventosque
775 1370 904 1428 furentes

177 1448 280 1507 Aeolia
296 1448 428 1508 excitos?
449 1464 499 1509 aut
514 1464 609 1509 actam
625 1450 750 1510 nubibus
765 1449 859 1509 Irim?
912 1492 914 1497 -

178 1547 258 1588 nunc
274 1529 361 1588 etiam
377 1530 598 1589 Manes-haec
614 1529 789 1608 intemptata
804 1530 941 1589 manebat

178 1629 236 1668 sors
251 1626 496 1684 rerum—movet,
512 1625 542 1668 et
556 1611 666 1689 superis
680 1611 797 1670 inmissa
811 1626 932 1689 repente
1020 1641 1046 1678 40

177 1690 304 1760 Allecto,
319 1691 428 1750 medias
443 1691 554 1750 Italum
566 1693 709 1751 'bacchata
723 1713 776 1770 per
790 1692 884 1751 urbes.

178 1771 220 1829 nil
235 1791 321 1848 super
335 1771 458 1850 imperio
473 1791 614 1840 moveor;
635 1773 811 1850 speravimus
825 1772 889 1844 ista,

178 1851 248 1911 dum
262 1852 379 1910 fortuna
393 1850 473 1922 fuit3
494 1852 624 1923 vineant,
642 1872 712 1929 quos
726 1851 844 1910 vincere
859 1852 958 1912 mavis.

177 1933 200 1992 si
215 1933 296 1991 nulla
310 1947 353 1991 est
367 1932 456 2008 regio,
472 1932 597 1990 Teucris
612 1952 699 2010 quam
713 1932 763 1991 det
778 1947 828 1990 tua
841 1932 970 1991 coniunx

178 2014 257 2083 dura,
272 2033 325 2090 per
339 2032 464 2084 eversae,
480 2012 604 2088 genitor,
619 2011 762 2071 fumantia
777 2012 886 2071 Troiae

178 2093 292 2152 excidia
306 2093 444 2162 obtestor,
460 2092 547 2151 liceat
562 2093 710 2151 dimittere
725 2093 760 2152 ab
775 2093 860 2151 armis

178 2175 357 2234 incolumem
370 2173 540 2246 Ascanium,
556 2173 644 2232 liceat
659 2193 804 2252 superesse
819 2189 967 2252 nepotem.

177 2257 293 2314 Aeneas
307 2275 376 2313 sane
390 2253 497 2330 ignotis
512 2253 635 2314 iactetur
649 2254 681 2313 in
696 2255 791 2327 undis,

178 2351 217 2408 et,
233 2353 447 2414 quamcumque
462 2329 539 2394 viam
555 2334 668 2394 dederit
683 2334 809 2406 fortuna,
826 2349 980 2416 sequatur:

177 2419 258 2476 hunc
274 2431 380 2492 tegere,
396 2431 426 2475 et
440 2415 520 2474 dirae
535 2415 647 2475 valeam
662 2416 823 2475 subducere
837 2435 961 2494 pugnae.
1019 2443 1047 2484 50

178 2513 221 2556 est
234 2498 387 2569 Amathus,
403 2512 445 2555 est
460 2497 535 2556 celsa
551 2496 624 2555 mihi
641 2496 755 2574 Paphus
771 2511 856 2576 atque
872 2495 1000 2574 Cythera

178 2577 346 2657 Idaliaeque
360 2578 485 2637 domusa
507 2575 608 2655 positis
624 2576 764 2652 inglorius
778 2577 864 2637 armis

179 2658 274 2735 erigat
287 2658 336 2718 hic
351 2677 465 2718 aevum.
507 2678 611 2734 magna
626 2657 743 2717 dicione
757 2657 858 2718 iubeto

179 2739 326 2816 Karthago
340 2754 453 2817 premat
466 2737 628 2801 Ausoniam
641 2762 650 2810 3
672 2738 746 2798 nihil
762 2738 880 2798 urbibus
894 2737 963 2796 inde

178 2820 304 2879 obstabit
318 2819 429 2898 Tyriis.
470 2819 541 2899 quid
555 2834 667 2897 pestem
684 2820 805 2879 evadere
819 2818 888 2879 belli

178 2900 252 2960 iuvit
266 2916 296 2960 et
309 2901 458 2977 Argolicos
473 2899 603 2959 medium
617 2899 725 2976 fugisse
738 2921 792 2978 per
806 2900 896 2976 ignes,

179 2996 280 3060 totque
294 2981 380 3041 maris
394 2997 547 3061 vastaeque
562 2982 700 3040 exhausta
715 2981 845 3059 pericula
860 2996 962 3052 terrae,

178 3062 249 3120 dum
263 3062 382 3122 Latium
397 3062 507 3121 Teucri
521 3061 707 3141 recidivaque
726 3062 864 3138 Pergama
879 3063 1045 3141 quaerunt?

178 3161 238 3200 non
253 3142 350 3214 satius,
365 3141 476 3202 eineres
490 3141 599 3221 patriae
613 3142 751 3201 insedisse
766 3162 912 3220 supremos

178 3238 264 3301 atque
279 3223 383 3296 solum,
394 3245 452 3317 quo
464 3223 556 3282 Troia
570 3222 649 3282 fuiti
691 3224 844 3283 Xanthum
855 3238 884 3283 et
897 3221 1045 3282 Simoenta

178 3303 276 3377 redde,
292 3325 353 3378 oro,
368 3304 490 3376 miseris,
504 3303 670 3383 iterumque
684 3304 833 3364 revolvere
848 3324 930 3364 casus
1019 3319 1044 3360 oz

376 3414 405 3466 35
424 3402 482 3451 iura.
547 3402 578 3464 48
597 3405 676 3467 procul
684 3415 724 3468 pro
735 3419 797 3454 sane.
