2558 4112
253 331 297 394 136
529 326 557 374 P.
574 323 717 374 veroni
735 323 892 372 MARONIS

296 477 351 516 nec
365 456 444 534 prius
459 455 591 515 amissam
606 454 729 532 respexi,
743 439 910 512 animumve
924 452 1035 526 reflexi,

295 558 382 630 quam
399 537 544 595 tumulum
559 536 695 615 antiquae
711 535 826 595 Cereris
841 535 998 613 sedemque
1013 551 1151 594 sacratam

295 619 446 678 venimus·
468 617 517 677 hic
532 617 651 677 demum
666 615 798 676 collectis
812 615 946 674 omnibus
962 635 1019 674 una

296 699 400 771 defuit,
417 714 446 757 et
460 698 582 758 comites
598 713 756 777 natumque
770 697 923 789 virumque
938 695 1057 756 fefellit

267 771 274 790 '
295 801 384 861 quem
399 800 458 838 non
473 778 602 839 incusavi
616 797 715 838 amens
730 777 942 856 hominumque
957 777 1157 856 deorumque?

296 877 345 920 aut
359 860 452 940 quid'
445 881 474 918 m
492 879 588 919 eversa
602 859 662 918 vidi
677 859 824 918 crudelius
838 857 932 917 urbe?

295 941 455 1001 Ascanium
470 940 679 1034 Anchisenque
693 955 806 1018 patrem
820 939 1010 1016 Teucrosque
1027 940 1148 998 Penates

296 1023 471 1083 commendo
486 1021 579 1094 sociis,
595 1037 624 1080 et
639 1041 725 1080 curva
739 1021 815 1078 valle
830 1020 977 1089 recondo;

296 1104 358 1182 ipse
373 1105 475 1162 urbem
490 1117 600 1180 repeto,
617 1118 646 1160 et
658 1102 760 1178 cingor
774 1100 954 1178 fulgentibus
969 1100 1064 1160 armis.

297 1200 353 1244 stat
367 1205 448 1243 casus
462 1203 601 1242 renovare
615 1203 725 1255 omnes,
741 1201 916 1260 omnemque
931 1181 1037 1240 reverti
1128 1208 1165 1249 ⁷⁵0

295 1287 349 1344 per
364 1264 496 1358 Troiam,
512 1277 541 1322 et
555 1284 649 1324 rursus
664 1279 752 1342 caput
766 1263 913 1322 obiectare
927 1261 1053 1339 periclis.

336 1345 483 1424 principio
497 1363 594 1403 muros
609 1345 786 1423 obscuraque
802 1343 904 1403 limina
918 1359 1028 1422 portae,

297 1447 353 1504 qua
367 1445 494 1502 gressum
510 1426 680 1498 extuleram,
695 1441 815 1502 repeto;
838 1439 867 1483 et
880 1424 999 1500 vestigia
1014 1438 1092 1481 retro

297 1507 447 1565 observata
461 1525 565 1584 sequor
576 1525 631 1600 per
645 1522 764 1565 noctem
779 1521 808 1564 et
823 1504 934 1565 lumine
949 1505 1048 1564 lustro.

296 1589 399 1647 horror
413 1586 521 1666 ubique
536 1586 656 1659 animos,
672 1585 781 1645 simul
773 1607 832 1664 ipsa
847 1585 962 1645 silentia
978 1598 1098 1643 terrent

297 1667 367 1726 inde
382 1665 549 1740 domum,'
527 1688 550 1725 sr
566 1666 641 1725 forte
655 1667 808 1745 pedemg
787 1688 808 1724 st
824 1666 908 1740 forte,
925 1664 1046 1738 tulisset,

297 1768 345 1807 me
380 1747 484 1808 refero.
539 1748 690 1808 inruerant
724 1747 830 1820 Danai,
867 1763 897 1806 et
932 1761 1042 1806 tectum
1078 1765 1164 1804 omne

379 1828 529 1889 tenebant.

297 1909 380 1968 ilicet
394 1908 468 1986 ignis
483 1909 556 1968 edax
571 1929 682 1968 summa
697 1909 733 1968 ad
747 1908 859 1986 fastigia
873 1921 963 1967 vento

296 1990 424 2048 volvitur
433 2015 443 2060 ;
465 2005 636 2068 exsuperant
651 1988 804 2060 flammae;
825 1988 895 2048 furit
909 2003 1002 2048 aestus
1017 1988 1054 2046 ad
1068 2007 1156 2047 auras.
1259 2053 1260 2056 7

296 2070 433 2148 procedo,
450 2085 480 2128 et
494 2070 600 2130 Priami
616 2071 697 2130 sedes
712 2089 865 2148 arcemque
879 2069 982 2129 reviso.
1129 2087 1166 2138 760
1259 2099 1260 2112 ¹

298 2166 328 2209 et
342 2151 398 2209 iam
412 2151 572 2229 porticibus
587 2151 684 2210 vacuis
699 2150 821 2209 Iunonis
836 2151 915 2228 asylo

297 2231 428 2291 custodes
444 2231 514 2290 lecti
530 2231 662 2291 Phoenix
678 2247 708 2291 et
721 2231 799 2290 dirus
815 2231 919 2290 Ulixes

296 2313 433 2391 praedam
448 2312 647 2384 adservabant.
690 2314 747 2371 huc
763 2311 893 2391 undique
908 2311 1000 2370 Troia
1014 2331 1082 2387 gaza

296 2393 423 2453 incensis
438 2409 537 2472 erepta
552 2393 644 2471 adytis
659 2413 834 2472 mensaeque
848 2394 971 2451 deorum

296 2489 479 2553 crateresque
494 2495 569 2540 auro,
578 2473 663 2532 solidi
679 2473 851 2552 captivaque
865 2473 952 2532 vestis

296 2555 472 2631 congeritur.
513 2554 596 2633 pueri
613 2568 642 2613 et
656 2553 778 2633 pavidae
794 2555 881 2631 longo
896 2553 999 2612 ordine
1014 2567 1119 2611 matres

296 2650 374 2694 stant
388 2655 508 2695 circum.

296 2735 378 2774 ausus
393 2716 464 2794 quin
481 2715 569 2774 etiam
583 2735 668 2774 voces
683 2714 792 2774 iactare
805 2735 858 2793 per
872 2715 1005 2774 umbram
1077 2730 1081 2736 ·

296 2794 407 2873 inplevi
422 2795 592 2855 clamore
564 2816 633 2868 vias,
649 2811 831 2874 maestusque
847 2796 988 2854 Creusam
1131 2809 1166 2885 767

297 2876 474 2954 nequiquam
488 2876 671 2952 ingeminans
685 2875 850 2954 iterumque
865 2876 1030 2954 iterumque
1044 2873 1154 2934 vocavi.

296 2957 447 3033 quaerenti
464 2973 493 3015 et
508 2957 593 3016 tectis
608 2956 721 3016 urhis'
700 2976 763 3016 une
779 2956 837 3015 fine
852 2955 961 3014 furenti

296 3035 402 3094 infelix
416 3037 603 3097 simulacrum
619 3053 705 3116 atque
720 3037 808 3116 ipsius
823 3037 924 3096 umbra
939 3036 1068 3096 Creusae

295 3115 354 3174 visa
369 3115 442 3174 mihi
457 3133 525 3175 ante
540 3117 648 3191 oculos,
664 3131 694 3176 et
708 3133 776 3176 nota
791 3117 882 3176 maior
897 3117 1000 3193 imago.

295 3195 432 3274 obstipui,
448 3212 649 3277 steteruntque
664 3217 773 3270 comae,
789 3214 819 3256 et
833 3218 890 3257 vox
905 3197 1038 3257 faucibus
1052 3195 1155 3255 haesit.

296 3276 359 3336 ium
374 3276 414 3336 sic
430 3277 530 3350 adfari,
546 3295 576 3337 et
590 3299 671 3339 curas
686 3279 730 3337 his
744 3280 862 3338 demere
877 3279 980 3338 dictis:

632 3384 678 3436 755
697 3373 785 3421 mimo·
