2556 4116
550 427 578 476 P.
595 426 739 475 VERGILI
756 426 914 476 MARONIS

319 555 464 615 arboribus
477 555 577 634 positis
592 571 671 614 secto
685 555 730 613 via
744 554 842 614 limite¹
852 556 982 636 quadret.

319 654 351 697 ut
366 657 447 714 saepe
463 635 574 712 ingenti
589 637 668 695 bello
682 656 750 694 curn
765 637 851 712 longa
864 638 995 696 cohortes

319 717 462 796 explicuit
477 717 561 792 legio,
577 731 607 776 et
621 737 724 796 campo
739 717 818 776 stetit
832 737 934 792 agmen
949 734 1057 795 aperto,
1155 740 1198 778 280
1218 789 1221 796 ,

318 800 508 876 derectaeque
524 799 607 871 acies,
623 819 656 857 ac
672 799 730 856 late
745 797 867 857 fluctuat
881 799 974 856 omnis

319 899 384 939 aere
399 879 543 937 renidenti
558 879 653 951 tellus,
669 879 794 938 necdum
809 878 924 937 horrida
938 879 1062 939 miscent

317 960 436 1040 proelia,
452 960 502 1018 sed
516 960 620 1018 dubius
635 960 736 1018 mediis
753 960 832 1017 Mars
847 975 921 1018 errat
935 959 966 1018 in
981 962 1084 1029 armis3

318 1041 417 1100 omnia
430 1040 488 1099 sint
502 1040 616 1117 paribus
632 1040 760 1098 numeris
774 1041 903 1098 dimensa
916 1041 1046 1112 viarum3

318 1143 377 1180 non
393 1121 524 1180 animum
538 1121 625 1179 modo
640 1121 681 1179 uti
695 1136 793 1198 pascat
807 1136 973 1199 prospectus
988 1122 1116 1195 inanem,

319 1203 369 1261 sed
384 1202 452 1281 quia
466 1222 526 1261 non
541 1201 624 1260 aliter
638 1202 712 1261 vires
726 1201 804 1260 dabit
818 1203 952 1260 omnibus
967 1223 1069 1280 aequas

319 1299 402 1355 terra,
418 1303 473 1341 nec
489 1283 521 1340 in
536 1303 659 1342 vacuum
673 1297 810 1361 poterunt
825 1283 981 1341 extendere
996 1284 1078 1342 rami.

361 1363 479 1422 forsitan
494 1378 523 1422 et
537 1364 683 1422 scrobibus
698 1384 772 1442 quae
787 1363 843 1421 sint
859 1363 968 1440 fastigia
983 1385 1117 1442 quaeras:

320 1444 411 1503 ausim
425 1444 472 1502 vel
488 1443 569 1502 tenui
582 1444 673 1502 vitem
689 1441 871 1503 committere
886 1445 974 1502 sulco.

320 1524 403 1584 altior
417 1545 449 1583 ac
464 1524 580 1602 penitus
596 1539 687 1583 terrae
700 1524 835 1601 defigitur
849 1526 939 1597 arban,
1153 1555 1192 1594 290

320 1605 450 1665 aesculus
464 1605 496 1663 in
510 1604 619 1682 primis,
635 1625 719 1683 quae,
734 1621 874 1683 quantum
889 1606 995 1664 vertice
1011 1606 1046 1664 ad
1060 1627 1139 1665 auras

320 1686 467 1759 aetherias,
483 1701 597 1744 tantum
611 1686 707 1744 radice
721 1686 753 1744 in
768 1687 888 1745 Tartara
902 1687 1006 1746 tendit.

321 1788 387 1844 ergo
401 1788 461 1826 non
475 1767 586 1825 hiemes
601 1766 691 1839 illam,
707 1787 766 1824 non
781 1766 869 1826 dabra
883 1788 978 1846 neque
992 1768 1097 1826 imbres

320 1849 491 1908 convellunt
499 1871 510 1918 3
531 1848 641 1906 inmota
655 1863 763 1920 manet,
778 1848 941 1926 multosque
956 1865 1083 1927 nepotes,

320 1931 412 1988 multa
426 1927 521 1988 virum
535 1929 653 1987 volvens
667 1929 798 1987 durando
813 1930 925 1987 saecula
938 1929 1039 1988 vincit.

321 2025 384 2069 tum
398 2010 479 2069 fortis
494 2010 552 2068 late
566 2030 657 2068 ramos
673 2025 702 2068 et
716 2009 849 2068 bracchia
864 2010 984 2069 tendens

319 2093 378 2149 huc
393 2090 465 2148 illuc
480 2090 576 2149 medis
589 2090 649 2168 ipsa
663 2090 811 2166 ingentem
826 2091 947 2150 sustinet
961 2092 1100 2150 umbram.

361 2191 434 2229 neve
449 2170 503 2229 tibi
517 2171 553 2229 ad
567 2170 657 2230 solem
671 2187 789 2247 vergant
803 2171 901 2231 vineta
914 2173 1075 2244 cadentem,

320 2272 395 2311 neve
410 2251 485 2310 inter
498 2251 570 2310 vites
586 2252 717 2329 corylum
732 2273 812 2323 sere3
833 2273 907 2312 neve
922 2253 1035 2330 flagella

322 2353 433 2391 summa
447 2347 514 2410 pete
529 2349 578 2391 aut
592 2353 704 2392 summa
718 2333 848 2409 defringe
864 2355 899 2392 ex
914 2334 1013 2393 arbore
1026 2334 1180 2412 plantas-

321 2429 417 2472 tantus
432 2434 510 2472 amor
524 2429 713 2472 terrae-neu
728 2413 803 2472 ferro
818 2414 897 2471 laede
912 2430 1030 2472 retunso
1152 2445 1187 2482 301

320 2495 441 2567 semina,
456 2515 531 2553 neve
545 2495 626 2553 oleae
641 2494 780 2552 silvestres
795 2493 889 2551 insere
905 2509 1039 2552 truncos:

320 2595 388 2634 nam
404 2595 487 2654 saepe
501 2575 623 2636 incautis
638 2574 795 2652 pastoribus
809 2574 917 2631 excidit
932 2574 1014 2648 ignis,

321 2655 372 2733 qui
387 2655 488 2714 furtim
501 2655 602 2734 pingui
616 2654 745 2733 primum
760 2654 812 2712 sub
827 2653 933 2712 cortice
948 2669 1041 2712 tectus

321 2736 424 2794 robora
437 2735 629 2813 comprendit,
644 2734 818 2812 frondesque
833 2735 943 2811 elapsus
957 2734 988 2793 in
1003 2734 1072 2793 altas

321 2815 472 2890 ingentem
487 2817 569 2875 caelo
584 2815 712 2874 sonitum
726 2815 830 2886 dedit3
850 2815 920 2874 inde
936 2831 1051 2874 secutus

321 2917 375 2974 per
388 2917 481 2955 ramos
495 2897 590 2955 victor
603 2917 714 2976 perque
729 2897 787 2955 alta
802 2896 953 2956 cacumina
968 2911 1079 2972 regnat,

323 2991 354 3034 et
368 2991 463 3036 totum
478 2976 603 3036 involvit
617 2976 739 3036 flammis
755 2997 857 3037 nemus
873 2993 902 3036 et
916 2977 975 3036 ruit
989 2993 1082 3064 atrpm

323 3056 359 3114 ad
374 3058 488 3116 caelum
502 3059 586 3135 picea
602 3079 709 3116 crassus
724 3059 849 3134 caligine
864 3059 982 3131 nubem,

322 3138 492 3216 praesertim
507 3139 530 3196 si
546 3153 700 3217 tempestas
715 3161 731 3198 a
746 3140 855 3197 vertice
870 3139 948 3197 silvis
1151 3169 1187 3206 310

322 3216 468 3290 incubuit,
483 3219 682 3298 glomeratque
697 3220 794 3279 ferens
809 3219 946 3278 incendia
959 3235 1073 3278 ventus.

323 3299 379 3357 hoc
394 3297 454 3370 ubi,
470 3318 530 3356 non
545 3321 561 3356 a
576 3301 664 3377 stirpe
678 3301 779 3359 valent
793 3321 949 3378 caesaeque
964 3300 1069 3360 reverti

373 3403 420 3464 287
438 3419 462 3452 se
473 3407 602 3454 extendere.
668 3421 715 3468 292
733 3407 841 3455 radicem.
908 3421 957 3469 294
974 3423 1012 3470 per
1024 3422 1105 3455 annos.

653 3471 700 3533 296
717 3473 825 3532 pandens.
