2556 4116
532 1257 656 1316 LIBER
678 1255 904 1316 SECUNDUS

308 1428 468 1486 Hacruuus
482 1447 613 1486 arvorum
628 1427 722 1486 cultus
737 1441 766 1486 et
780 1427 870 1486 sidera
885 1427 968 1498 caeli,

307 1529 386 1566 nunc
403 1523 439 1579 te,
456 1508 579 1578 Bacche,
596 1527 707 1579 canam,
722 1527 776 1566 nec
792 1528 851 1565 non
866 1507 1005 1566 silvestria
1020 1522 1117 1566 tecum

307 1588 429 1666 virgulta
444 1603 473 1646 et
487 1589 598 1665 prolem
612 1589 689 1647 tarde
704 1589 856 1647 crescentis
871 1589 972 1646 olivae.

306 1672 376 1740 huc,
390 1684 470 1746 pater
484 1691 501 1726 o
515 1670 629 1727 Lenaee
642 1693 651 1736 ;
673 1669 729 1727 tuis
743 1669 790 1727 hic
806 1669 902 1726 omnia
915 1669 1001 1746 plena

307 1751 485 1821 muneribus,
500 1749 551 1808 tibi
567 1749 720 1826 pampineo
734 1749 863 1825 gravidus
878 1765 1017 1808 autumno

308 1832 392 1890 floret
407 1852 479 1908 ager,
496 1847 608 1908 spumat
622 1831 715 1907 plenis
730 1830 873 1888 vindemia
888 1830 971 1888 labris
984 1855 993 1901 ;

307 1915 375 1983 huc,
391 1929 501 1989 patero
517 1912 641 1982 Lenaee,
656 1911 732 1982 veni,
748 1911 908 1990 nudataque
923 1927 1017 1970 musto

308 1995 406 2068 tingue
421 2015 497 2051 novo
512 2012 626 2050 mecum
642 1992 765 2069 dereptis
780 2012 862 2050 crura
876 1993 1032 2051 cothurnis.

346 2073 492 2151 principio
506 2073 651 2131 arboribus
668 2074 743 2130 varia
758 2088 798 2131 est
813 2088 913 2131 natura
927 2073 1064 2131 creandis.

307 2174 431 2233 namque
446 2154 517 2212 aliae
533 2154 620 2212 nullis
636 2155 789 2212 hominum
804 2154 971 2230 cogentibus
986 2154 1061 2230 ipsae
1152 2185 1184 2212 10

308 2251 408 2314 sponte
424 2257 472 2293 sua
487 2235 609 2294 veniunt
626 2256 797 2314 camposque
813 2251 841 2293 et
856 2234 976 2294 flumina
990 2235 1047 2293 late

308 2337 394 2376 curva
409 2331 519 2387 tenent,
535 2333 566 2376 ut
582 2318 671 2375 molle
688 2318 756 2374 siler
770 2317 922 2393 lentaeque
936 2315 1073 2392 genistae,

307 2399 429 2476 populus
445 2413 473 2456 et
487 2399 587 2474 glauca
603 2397 736 2456 canentia
749 2396 851 2455 fronde
866 2397 963 2454 salicta
975 2421 985 2466 ;

307 2501 370 2556 pars
385 2495 479 2538 autem
494 2480 585 2556 posito
602 2493 720 2554 surgunt
734 2478 770 2534 de
785 2476 904 2546 semine,
920 2491 952 2533 ut
965 2476 1039 2534 altae

308 2577 463 2630 castaneae,
479 2579 689 2636 nemorumque
705 2557 766 2615 Iovi
782 2577 854 2635 quae
868 2557 993 2616 maxima
1007 2557 1125 2615 frondet

307 2642 444 2711 aesculus,
461 2656 545 2718 atque
560 2641 673 2698 habitae
690 2637 773 2696 Grais
787 2639 902 2696 oracula
916 2657 1048 2715 quercus.

307 2722 431 2798 pullulat
445 2723 480 2780 ab
494 2721 589 2779 radice
604 2721 665 2778 aliis
680 2719 845 2777 densissima
858 2719 938 2788 silva,

309 2817 339 2859 ut
354 2803 454 2860 cerasis
469 2803 612 2881 ulmisque
625 2826 634 2871 ;
656 2801 742 2864 etiam
759 2800 889 2859 Parnasia
903 2800 999 2858 laurus

308 2903 391 2958 parva
406 2884 458 2941 sub
473 2883 584 2960 ingenti
600 2883 696 2940 matris
711 2903 740 2940 se
756 2881 861 2940 subicit
875 2881 985 2940 umbra.

308 2964 358 3020 hos
372 2981 472 3023 natura
487 2965 586 3024 modos
600 2964 728 3041 primum
742 2963 822 3022 dedit
837 2987 846 3034 3
867 2962 912 3020 his
926 2981 1015 3039 genus
1030 2980 1116 3019 omne
1154 2991 1185 3021 πο

309 3043 442 3104 silvarum
458 3046 653 3125 fruticumque
668 3045 743 3104 viret
758 3064 966 3122 nemorumque
981 3061 1137 3101 sacrorum.

349 3141 415 3182 sunt
431 3126 489 3197 alii,
505 3147 574 3204 quos
589 3126 647 3204 ipse
664 3127 708 3184 via
723 3125 776 3184 sibi
792 3125 918 3202 repperit
932 3144 1008 3182 usus.

309 3204 357 3262 hic
373 3205 484 3281 plantas
499 3222 598 3266 tenero
612 3207 782 3265 abscindens
797 3206 831 3264 de
847 3225 964 3282 corpore
979 3219 1104 3263 matrum

309 3285 441 3362 deposuit
456 3286 541 3345 sulcis
554 3312 563 3359 3
584 3287 632 3346 hic
649 3288 747 3365 stirpes
762 3286 857 3345 obruit
872 3306 938 3344 arvo

311 3365 536 3445 quadrifidasque
551 3369 633 3427 sudes
649 3383 678 3427 et
693 3384 777 3426 acuto
791 3367 892 3425 robore
907 3367 1005 3424 vallos.

658 3461 791 3522 8direptis.
