2556 4116
265 365 298 412 24

538 350 565 399 P.
582 347 724 397 VERGILI
742 347 899 397 MARONlS

307 498 422 552 astrum,
437 502 495 560 quo
509 497 615 556 segetes
629 482 786 556 gauderent
800 479 929 556 frugibus
944 495 973 539 et
986 501 1044 559 quo

305 564 424 623 duceret
438 562 540 641 apricis
554 563 584 622 in
600 562 721 621 collibus
736 582 790 620 uva
804 561 941 622 colorem.
1272 591 1273 628 ι

305 645 407 714 insere,
422 643 592 721 Daphni,
564 663 661 722 prros3
682 658 801 721 carpent
816 657 864 702 tua
877 663 963 720 poma
977 643 1113 720 nepotes?
1146 672 1172 710 50
1264 639 1273 682 ’ἓ

305 725 402 784 omnia
415 725 472 784 fert
486 741 569 797 aetas,
585 724 715 783 animum
730 744 866 803 q;uoque
888 742 970 803 saepe
985 744 1038 799 ego
1052 724 1152 800 longos
1272 729 1273 736 ’

305 807 447 866 cantando
460 826 584 883 puerum
598 805 719 864 memini
734 825 780 864 me
795 804 918 863 condere
932 804 1025 864 soles:
1272 857 1273 872 ι

305 908 384 946 nunc
400 887 489 945 oblita
503 885 576 946 mihi
591 901 633 946 tot
648 886 797 956 carmina;
819 906 876 943 vox
890 905 1004 978 quoque
1021 885 1148 944 Moerim
1203 929 1206 934 .
1248 891 1273 942 .’

305 969 362 1026 iarn
377 967 472 1044 fugit
464 988 548 1061 tpsa3
569 967 631 1046 lupi
648 966 775 1026 Moerim
790 966 887 1024 videre
901 965 1018 1043 priores.

305 1049 354 1108 sed
369 1065 465 1108 tamen
480 1048 533 1108 ista
547 1048 611 1114 satis
625 1049 730 1108 referet
745 1046 797 1107 tibi
813 1066 895 1125 saepe
912 1047 1071 1105 Menalcas

348 1131 382 1188 L.
404 1131 547 1189 causando
561 1145 669 1189 nostros
683 1129 714 1188 in
730 1129 849 1203 longum
863 1127 944 1186 ducis
958 1147 1075 1187 amores.

306 1227 335 1270 et
349 1231 428 1270 nunc
443 1231 530 1270 omne
545 1211 598 1270 tibi
613 1226 732 1272 stratum
747 1209 812 1268 silet
827 1229 941 1287 aequor,
956 1224 985 1266 et
999 1229 1108 1278 omnes,

305 1291 409 1369 aspice,
424 1291 535 1350 ventosi
551 1291 720 1350 ceciderunt
733 1290 889 1348 murmuris
904 1309 997 1350 aurae.

304 1373 375 1432 hinc
390 1373 460 1430 adeo
474 1372 569 1432 media
583 1388 625 1430 est
639 1372 721 1432 nobis
736 1371 781 1430 via
796 1396 805 1442 ς
826 1391 951 1450 namque
965 1370 1150 1448 sepulchrum

305 1453 409 1530 incipit
424 1473 556 1531 apparere
572 1453 723 1511 Bianoris:
744 1451 802 1522 hic,
820 1451 869 1510 ubi
884 1452 983 1510 densas
1146 1467 1172 1507 ⁶0

304 1535 444 1610 agricolae
459 1534 603 1609 stringunt
617 1534 743 1604 frondes,
757 1533 814 1604 hic,
832 1532 939 1605 Moeri,
954 1553 1087 1602 canamus
1100 1557 1109 1602 ;

304 1617 352 1674 hic
367 1616 470 1674 haedos
486 1616 608 1692 depone,
625 1631 721 1674 tamen
737 1613 886 1674 veniemus
900 1613 930 1672 in
946 1613 1055 1679 urbem.

304 1712 353 1755 aut
368 1697 399 1767 si,
416 1717 473 1754 nox
488 1696 617 1774 pluviam
633 1716 670 1754 ne
685 1695 803 1771 colligat
817 1711 893 1766 ante,
908 1714 1048 1765 veremur,

304 1793 452 1836 cantantes
467 1777 537 1837 licet
552 1777 779 1856 usque—minus
793 1775 838 1834 via
854 1774 1118 1846 laedit—eamus3

304 1873 450 1917 cantantes
467 1873 499 1917 ut
513 1877 619 1930 eamus,
635 1877 687 1933 ego
702 1859 757 1916 hoc
774 1871 802 1915 te
817 1857 891 1914 fasce
907 1856 1017 1915 levabo.
1272 1929 1273 1936 ἵ

348 1939 393 2031 M.
415 1939 514 1998 desrne
523 1939 613 2018 plura,
621 1954 738 2016 puer‚et
747 1937 929 2017 quodnunc
921 1951 1008 1995 rnstat
1017 1955 1150 2011 agamus
1181 2005 1185 2011 ι
1219 1993 1243 2005 ,,
1272 1951 1273 1972 ¹

304 2017 430 2078 carmina
445 2034 508 2080 turn
523 2019 636 2090 melius,
652 2039 720 2078 cum
734 2019 846 2080 venerit
860 2018 930 2096 ipse,
945 2037 1090 2080 canemus

608 2252 778 2312 ECLOGA
801 2253 828 2310 X

650 2383 782 2434 omnus

304 2503 476 2560 Εκτιιιιιιιιι
491 2504 581 2574 hunc,
596 2503 746 2571 Arethusa,
761 2500 833 2558 mihi
849 2500 976 2558 concede
991 2499 1129 2558 laborem.

302 2603 394 2661 pauca
409 2604 475 2642 meo
491 2583 588 2652 Gallo,
605 2583 653 2640 sed
667 2601 739 2660 quae
754 2580 851 2656 legat
843 2601 903 2657 spsa
917 2579 1045 2655 Lycoris,

303 2664 429 2722 carmina
444 2679 511 2724 suut
525 2663 669 2722 dicenda:
690 2677 777 2738 neget
791 2661 854 2740 quis
869 2660 996 2720 carmina
1011 2660 1121 2718 Gallo?

303 2744 341 2802 sic
358 2744 421 2817 tibi,
436 2765 503 2804 cum
518 2743 624 2803 fluctus
638 2743 832 2802 subterlabere
848 2741 973 2812 Sicanos,

302 2825 388 2884 Doris
404 2845 496 2884 amara
511 2845 590 2884 suam
605 2845 665 2882 non
680 2823 877 2883 intermisceat
891 2823 1007 2893 undam,

302 2905 400 2982 incipe
413 2931 422 2978 3
444 2906 582 2966 sollicitos
597 2905 677 2964 Galli
692 2905 821 2964 dicamus
836 2924 954 2974 amores,

302 2986 372 3044 dum
387 3001 484 3045 tenera
499 2987 651 3056 attondent
665 2986 752 3045 simae
767 2985 890 3062 virgulta
905 2984 1042 3062 capellae.

303 3084 361 3124 non
376 3067 507 3128 canimus
521 3068 613 3126 surdis
625 3091 635 3136 3
656 3069 830 3145 respondent
844 3066 941 3134 omnia
955 3065 1051 3124 silvae.
1101 3069 1103 3072 ’

343 3168 415 3226 quae
430 3168 547 3208 nemora
562 3165 611 3208 aut
625 3149 675 3227 qui
690 3170 739 3206 vos
755 3149 840 3207 saltus
854 3147 989 3218 habuere,
1004 3145 1117 3223 puellae
1172 3181 1177 3192 .
1235 3179 1239 3190 ι
1258 3141 1273 3190 'l

302 3227 422 3299 Naides,
437 3228 557 3305 indigno
572 3249 640 3288 cum
656 3231 759 3288 Gallus
775 3249 868 3294 amore
883 3227 1016 3305 peribat?
1150 3256 1174 3282 10
1272 3237 1273 3302 ι

303 3329 370 3368 nam
385 3329 480 3388 neque
497 3309 610 3368 Parnasi
625 3310 705 3369 vobis
719 3309 795 3386 iuga,
810 3329 876 3368 nam
891 3329 986 3388 neque
1002 3306 1087 3366 Pindi
1256 3305 1273 3320 '¹

304 3390 362 3448 ulla
377 3409 486 3449 moram
501 3391 603 3461 fecere,
620 3410 714 3470 neque
729 3391 824 3450 Aonie
839 3390 1002 3467 Aganippe.
