2556 4116
29 447 31 476 l

30 479 34 492 ι

380 374 583 423 ouonorcou
600 376 663 425 uns.
680 377 706 424 11
967 381 1012 442 47'

128 506 275 584 Scipiadas
290 506 375 563 duros
389 505 476 576 bello,
491 522 519 564 et
535 523 573 578 te,
588 508 712 566 maxime
728 509 842 582 Caesar,
963 545 1001 582 170

127 589 178 668 qui
193 609 274 646 nunc
289 586 424 644 extremis
440 587 524 645 Asiae
538 588 596 646 iarn
611 589 747 648 victorin
762 591 816 649 oris

128 670 269 728 inbellem
284 667 386 726 avertis
401 667 539 726 Romanis
553 670 665 728 arcibus
681 671 798 730 Indum.

128 751 215 821 salve,
230 769 333 825 magna
347 769 448 826 parens
463 751 587 824 frugum,
605 751 736 810 Saturnia
749 754 845 824 tellus,

129 853 233 908 magna
247 831 358 888 virum:
382 829 434 889 tibi
450 850 493 888 res
509 831 641 911 antiquae
656 833 747 892 laudis
761 848 790 892 et
805 835 871 893 artis

129 913 284 988 ingredior,
299 925 410 970 sanctos
426 932 508 970 ausus
522 913 671 986 recludere
685 915 789 986 fontes,

127 997 342 1071 Ascraeumque
357 1013 431 1051 cano
446 994 576 1051 Romana
590 1015 641 1072 per
655 995 759 1072 oppida
774 1015 900 1056 carmen.

169 1095 249 1132 nunc
265 1075 345 1132 locus
361 1094 492 1133 arvorum
508 1075 641 1151 ingeniis,
656 1096 728 1154 quae
743 1077 843 1135 robora
857 1078 972 1158 cuique,

129 1157 192 1234 quis
207 1155 296 1227 color,
310 1171 339 1214 ct
354 1176 425 1234 quae
440 1154 476 1213 sit
490 1155 574 1214 rebus
589 1171 689 1214 natura
703 1157 837 1216 ferendis.

130 1237 258 1295 difficiles
273 1236 401 1313 primum
416 1251 506 1294 terrae
522 1237 667 1316 collesque
682 1238 810 1313 maligni,

131 1317 224 1376 tenuis
239 1316 289 1374 ubi
304 1317 402 1392 argilla
417 1333 446 1376 et
460 1317 586 1376 dumosis
600 1319 729 1377 calculus
743 1319 826 1392 arvis,
963 1340 1000 1380 180

132 1397 257 1456 Palladia
271 1397 398 1473 gaudent
412 1398 482 1456 silva
497 1398 603 1457 vivacis
616 1399 718 1460 olivae.

129 1479 238 1538 indicio
253 1493 296 1538 est
310 1493 403 1538 tractu
418 1500 533 1554 surgens
548 1481 666 1539 oleaster
680 1481 782 1542 eodem

129 1561 270 1637 plurimus
285 1575 315 1618 et
330 1560 408 1619 strati
423 1560 499 1618 bacis
515 1561 688 1620 silvestribus
703 1563 771 1638 agri.

129 1657 157 1700 at
171 1661 244 1720 quae
258 1641 373 1718 pinguis
387 1642 491 1698 humus
507 1642 644 1721 dulcique
659 1643 768 1718 uligine
782 1644 864 1715 laeta,

129 1723 236 1801 quique
251 1722 386 1799 frequens
400 1722 495 1780 herbis
510 1739 539 1781 et
553 1723 655 1782 fertilis
671 1724 758 1781 ubere
774 1744 932 1801 campus-

128 1805 244 1882 qualem
259 1823 341 1880 saepe
357 1823 424 1860 cava
439 1804 544 1861 montis
560 1804 691 1862 convalle
705 1805 829 1862 solemus

128 1885 276 1962 despicere
285 1909 294 1953 ;
316 1885 372 1941 huc
388 1884 505 1942 summis
521 1884 672 1963 liquuntur
685 1885 804 1961 rupibus
818 1905 915 1944 amnes

129 1965 304 2043 felicemque
319 1966 436 2023 trahunt
451 1964 702 2044 limum—quique
717 1965 810 2024 editus
823 1967 938 2038 Austro,

128 2063 157 2105 et
172 2046 281 2105 filicem
295 2045 390 2102 curvis
405 2045 526 2104 invisam
540 2046 631 2124 pascit
646 2046 763 2105 aratris:

128 2128 176 2186 hic
192 2127 246 2185 tibi
261 2126 435 2203 praevalidas
450 2126 520 2184 olim
535 2129 684 2204 multoque
699 2126 821 2186 fluentes
962 2157 1000 2196 190

130 2209 249 2267 sufficiet
265 2207 381 2265 Baccho
395 2208 477 2278 vites,
491 2207 538 2265 hic
554 2207 658 2265 fertilis
673 2228 755 2280 uvae,

129 2290 176 2348 hic
191 2288 294 2360 laticis,
311 2289 425 2366 qualem
440 2287 542 2365 pateris
558 2288 679 2345 libamus
694 2303 722 2346 et
737 2309 814 2361 auro,

128 2370 240 2428 inflavit
255 2389 323 2427 cum
337 2369 450 2446 pinguis
466 2370 537 2427 ebur
551 2368 722 2445 Tyrrhenus
737 2369 771 2426 ad
785 2391 854 2442 aras,

128 2451 260 2509 lancibus
275 2466 305 2508 et
318 2450 419 2527 pandis
434 2449 575 2509 fumantia
588 2449 733 2508 reddimus
748 2465 822 2508 exta.

129 2532 172 2590 sin
188 2546 317 2591 armenta
330 2531 418 2608 magis
434 2531 561 2591 studium
575 2531 737 2610 vitulosque
752 2530 826 2589 tueri

129 2627 178 2671 aut
192 2613 292 2672 ovium
307 2613 399 2670 fetum
415 2627 463 2670 aut
478 2628 593 2671 urentes
608 2613 686 2670 culta
700 2610 832 2689 capellas,

129 2695 215 2752 saltus
231 2709 261 2752 et
275 2693 359 2751 saturi
374 2694 466 2771 petito
481 2693 638 2772 longinqua
652 2692 784 2763 Tarenti,

128 2790 158 2833 et
173 2775 288 2852 qualem
303 2774 406 2832 infelix
421 2775 515 2833 amisit
531 2775 654 2833 Mantua
669 2794 803 2852 campum

127 2871 296 2933 pascentem
310 2855 407 2914 niveos
422 2856 541 2914 herboso
556 2855 677 2915 flumine
692 2873 816 2932 cycnos:

128 2957 190 2994 non
204 2935 309 3015 liquidi
323 2937 454 3014 gregibus
469 2938 571 3008 fontes,
587 2958 646 2994 non
661 2936 788 3011 gramina
802 2935 906 2994 derunt
915 2959 924 3005 ;
963 2965 1000 2994 πω

128 3033 160 3076 et
174 3033 315 3096 quantum
330 3018 423 3094 longis
437 3033 556 3096 carpent
569 3033 696 3076 armenta
711 3016 819 3086 dicbus,

129 3098 233 3173 exigua
248 3113 362 3157 tantum
377 3099 487 3176 gelidus
501 3119 545 3156 ros
560 3115 646 3157 nocte
660 3112 788 3176 reponet.

128 3178 211 3254 nigra
225 3180 285 3237 fere
301 3195 329 3238 et
344 3200 441 3256 presso
454 3179 567 3257 pinguis
583 3181 634 3237 sub
649 3199 763 3236 vomere
779 3194 860 3250 terra,

127 3274 161 3318 et
174 3260 222 3318 cui
236 3275 322 3337 putre
338 3262 596 3338 solum-namque
613 3261 669 3317 hoc
685 3259 830 3319 imitamur
845 3261 990 3319 arando-

128 3341 240 3417 optima
254 3341 426 3413 frumentis3
447 3361 505 3400 non
521 3343 582 3399 ullo
597 3361 633 3398 ex
647 3360 768 3419 aequore
784 3362 883 3401 cernes

224 3447 271 3496 174
287 3443 369 3483 artem.
423 3434 640 3497 196fetusovium.
707 3449 754 3482 202
772 3435 869 3498 reponit.
908 3423 910 3428 ’
