2562 4114
261 347 306 412 318
532 349 560 398 Ρ.
576 348 720 396 VERGILI
738 349 896 398 MARONIS

298 479 437 552 defendit,
453 481 616 557 multosque
631 479 712 556 palus
726 478 893 550 Laurentia,
909 480 979 538 silva
1133 513 1171 553 70⁹

297 576 392 638 pastus
407 525 597 631 hirundines,
611 575 763 639 postquam
778 559 856 618 inter
869 561 942 619 retia
955 577 1077 622 ventum
1093 579 1145 636 est,

299 641 434 714 substitit,
449 641 658 720 infremuitque
673 641 763 714 ferox,
779 656 809 699 et
822 640 968 700 inhorruit
982 663 1094 712 armos;

298 742 352 780 nec
369 722 505 800 cuiquam
519 722 601 780 irasci
617 721 792 800 propiusque
806 722 943 780 accedere
957 722 1055 794 virtus,

297 803 347 860 sed
360 803 460 861 iaculis
475 803 601 881 tutisque
615 803 717 882 procul
733 802 928 862 clamoribus'
920 817 1046 862 instant:

296 883 374 943 haud
388 883 503 953 aliter,
495 899 584 942 ruatae
600 883 704 962 quibus
719 899 761 942 est
776 883 966 942 Mezentius'
957 904 1025 955 trae,

298 985 358 1023 non
373 965 425 1023 ulli
441 979 482 1022 est
496 964 608 1023 animus
623 963 721 1022 stricto
736 983 909 1022 concurrere
924 965 1016 1034 ferro;

298 1045 451 1104 missilibus
466 1045 552 1121 longe
567 1061 597 1103 et
610 1059 689 1102 vasto
704 1044 830 1103 clamore
844 1045 1002 1104 lacessunt:

296 1125 348 1184 ille
362 1141 458 1185 autem
472 1125 624 1203 inpavidus
637 1142 733 1204 partes
748 1141 903 1185 cunctatur
916 1126 947 1184 in
961 1146 1071 1198 omnes,

296 1206 432 1266 dentibus
446 1207 623 1278 infrendens,
640 1221 668 1264 et
683 1220 763 1282 tergo
776 1206 887 1264 decutit
900 1207 1001 1266 hastas.

296 1302 413 1346 venerat
427 1287 550 1366 antiquis
565 1286 689 1364 Corythi
704 1287 741 1345 de
757 1285 862 1346 finibus
875 1288 983 1360 Acron,
1129 1319 1164 1357 719

297 1367 404 1426 Graius
418 1369 516 1436 homo,
531 1368 654 1426 infectos
668 1368 805 1446 linquens
819 1368 954 1444 profugus
967 1370 1158 1446 hymenaeum

296 1450 376 1507 hunc
391 1448 440 1506 ubi
456 1448 628 1506 miscentem
643 1449 731 1524 longe
746 1448 841 1507 media
855 1449 969 1524 agmina
984 1449 1066 1523 vidit,

296 1547 473 1606 purpureum
488 1528 585 1606 pinnis
600 1543 629 1586 et
645 1544 748 1606 pactae
763 1529 893 1604 coniugis
907 1545 1000 1588 ostro:

296 1608 422 1686 inpastus
436 1609 547 1666 stabula
561 1609 619 1667 alta
632 1610 680 1668 leo
695 1629 749 1669 ceu
765 1629 848 1688 saepe
862 1629 1056 1686 peragrans-

296 1689 396 1748 suadet
410 1688 490 1748 enim
505 1709 610 1748 vesana
623 1690 778 1748 fames-si
794 1691 867 1749 forte
881 1691 1014 1766 fugacem

296 1770 446 1846 conspexit
463 1791 596 1848 capream
611 1788 660 1830 aut
678 1786 844 1846 surgentem
857 1771 890 1829 in
905 1791 1013 1831 cornua
1026 1793 1150 1842 cervum,

295 1851 412 1926 gaudet,
425 1851 508 1910 hians
521 1851 652 1924 inmane,
668 1871 821 1930 comasque
837 1852 951 1923 arrexit,
967 1869 995 1911 et
1010 1854 1109 1912 haeret

295 1931 450 1991 visceribus
464 1953 549 2010 super
563 1931 754 2003 incumbens3
776 1932 845 1990 lavit
859 1933 980 2012 inproba
994 1949 1086 1998 taeter

295 2033 344 2071 ora
357 2032 459 2072 cruor:

295 2093 334 2151 sic
349 2093 407 2152 ruit
421 2093 451 2151 in
466 2094 569 2152 densos
585 2095 680 2153 alacer
695 2094 863 2153 Mezentius
877 2096 982 2154 hostes.

294 2173 431 2232 sternitur
445 2173 548 2233 infelix
562 2175 671 2246 Acron,
688 2192 717 2235 et
732 2175 860 2234 calcibus
874 2191 964 2236 atram
1126 2207 1162 2246 7³0

294 2254 391 2313 tundit
404 2256 526 2314 humum
542 2255 697 2334 exspirans,
712 2256 891 2335 infractaque
906 2258 962 2316 tela
977 2273 1118 2316 cruentat.

294 2351 379 2413 atque
394 2334 471 2394 idem
486 2335 645 2411 fugientem
659 2336 737 2394 haud
752 2352 794 2395 est
808 2337 939 2412 dignatus
955 2339 1074 2397 Oroden

294 2431 427 2486 sternere,
443 2435 498 2475 nec
513 2417 586 2474 iacta
601 2437 720 2476 caecum
735 2417 802 2476 dare
818 2419 935 2495 cuspide
949 2420 1073 2489 vulnus;

293 2497 393 2554 obvius
407 2497 581 2575 adversoque
595 2498 729 2567 occurrit,
748 2517 834 2577 seque
849 2497 910 2557 viro
924 2498 967 2556 vir

294 2577 426 2647 contulit,
442 2579 519 2636 haud
532 2578 611 2637 furto
625 2579 726 2636 melior
742 2579 790 2638 sed
806 2580 927 2638 fortibus
940 2580 1034 2640 armis.

293 2673 355 2716 tum
370 2678 454 2737 super
468 2659 613 2718 abiectum
629 2659 720 2736 posito
735 2660 807 2736 pede
824 2660 908 2719 nixus
923 2677 952 2719 et
966 2662 1065 2720 hasta:

274 2744 355 2816 ‘pars
369 2739 439 2797 belli
454 2739 533 2798 haud
547 2741 711 2810 temnenda,
728 2739 791 2811 viri,
805 2741 883 2800 iacet
897 2741 971 2800 altus
985 2740 1116 2801 Orodes!

293 2819 476 2878 conclamant
490 2820 559 2879 socii
552 2821 683 2880 laetum
698 2841 807 2898 paeana
822 2822 923 2880 secuti.

292 2899 342 2957 ille
357 2916 454 2960 autem
468 2901 630 2979 exspirans:
654 2910 730 2960 ‘non
746 2921 803 2974 me,
814 2902 992 2980 quicumque
1006 2923 1045 2974 es,
1056 2903 1164 2974 inulto,

292 2979 393 3052 victor,
409 3000 463 3040 nec
479 2981 597 3059 longum
613 2981 775 3055 laetabere,
796 2998 824 3041 te
839 3003 953 3062 quoque
968 2985 1025 3042 fata
1124 3014 1165 3052 ⁷40

291 3077 473 3137 prospectant
487 3063 572 3139 paria,
588 3078 673 3140 atque
688 3027 787 3122 eaderh
803 3083 870 3122 mox
886 3085 952 3122 arva
965 3065 1096 3124 tenebis?

291 3141 326 3198 ad
341 3161 427 3218 quem
443 3143 592 3202 subridens
606 3143 696 3202 mixta
712 3144 901 3202 Mezentius
894 3166 933 3202 rra
947 3167 954 3204 :

271 3226 367 3280 ‘nnnc
384 3241 493 3282 morere
508 3246 515 3283 :
539 3239 580 3283 ast
593 3223 629 3282 de
644 3245 690 3284 me
704 3224 801 3283 divom
815 3241 896 3302 pater
910 3243 994 3303 atque
1008 3227 1164 3285 hominum
1246 3257 1247 3272 ι

331 3322 381 3360 rex

290 3381 414 3442 viderit.’
455 3385 510 3443 hoc
526 3384 626 3445 dicens
640 3385 740 3446 eduxit
753 3406 873 3464 corpore
888 3387 999 3458 telum3
