2568 4114
260 323 303 387 198
536 321 564 369 P.
581 318 723 368 VERGILI
741 317 899 368 MARONIS

300 473 356 532 qua
371 453 442 511 ludo
456 452 575 510 indutus
590 451 660 509 belli
676 449 827 508 simulacra
842 449 946 508 ciebat.

300 534 445 594 adcelerat
459 533 545 591 simul
559 532 682 604 Aeneas,
697 531 783 589 simul
798 530 913 608 agmina
926 530 1089 590 Teucrum.

300 630 343 674 ast
357 615 425 674 illae
439 614 551 673 diversa
565 629 645 672 metu
660 632 712 690 per
726 611 811 671 litora
825 611 930 690 passim

299 695 467 772 diffugiunt,
482 694 624 772 silvasque
639 708 668 752 et
683 692 775 753 sicubi
790 713 917 752 concava
932 690 1034 752 furtim

300 798 366 836 saxa
380 790 504 855 petunt:
525 775 605 853 piget
619 773 730 852 incepti
744 772 886 853 lucisque,
900 793 1023 852 suosque

300 873 428 918 mutatae
443 856 633 932 adgnoscunt,
648 873 824 933 excussaque
840 869 957 932 pectore
972 855 1050 911 Iuno
1064 867 1116 913 cst.

300 939 351 998 sed
365 957 424 996 non
439 937 550 998 idcirco
564 935 697 994 flammae
712 950 800 1013 atque
813 933 950 994 incendia
964 933 1039 992 vires
1128 951 1165 991 eso

300 1019 456 1078 indomitas
470 1037 610 1096 posuere:
633 1016 691 1074 udo
706 1017 758 1074 sub
776 1015 878 1074 robore
893 1014 964 1072 vivit

300 1116 405 1178 stuppa
417 1119 537 1158 vomens
552 1097 668 1156 tardum
682 1097 809 1168 fumum,
823 1097 978 1174 lentusque
992 1093 1104 1154 carinas

301 1196 344 1239 est
358 1201 456 1258 vapor,
471 1195 501 1238 et
516 1195 578 1238 toto
592 1176 744 1237 descendit
758 1197 878 1255 corpore
892 1175 998 1256 pestis3

301 1282 356 1320 nec
371 1259 444 1319 vires
459 1261 581 1318 heroum
596 1259 751 1337 infusaque
765 1257 887 1318 flumina
899 1272 1031 1336 prosunt.

302 1358 364 1400 turn
379 1341 443 1420 pius
457 1341 571 1400 Aeneas
587 1339 692 1399 umeris
708 1339 877 1400 abscindere
890 1353 1010 1410 vestem,

301 1422 469 1499 auxilioque
483 1440 586 1480 vocare
601 1421 678 1493 deos,
695 1436 724 1480 et
739 1420 858 1480 tendere
872 1421 999 1498 palmas:

283 1501 435 1581 ‘Iuppiter
449 1501 643 1579 omnipotens,
658 1501 681 1558 si
697 1501 830 1560 nondum
844 1521 945 1560 erotus
960 1500 996 1558 ad
1011 1519 1104 1558 unum

302 1583 456 1654 Troianos,
471 1581 493 1640 si
510 1581 580 1660 quid
594 1581 686 1660 pietas
701 1582 820 1660 antiqua
834 1582 945 1641 labores

302 1663 420 1742 respicit
433 1664 585 1736 humanos,
600 1663 636 1722 da
651 1661 798 1722 flammam
812 1663 933 1722 evadere
948 1661 1029 1722 classi

302 1765 392 1817 nunc,
408 1745 502 1815 Pater,
518 1758 547 1802 et
562 1759 664 1802 tenues
680 1744 832 1802 Teucrum
846 1765 889 1802 res
905 1742 984 1821 eripe
998 1743 1069 1801 leto.
1132 1759 1168 1810 690

301 1827 348 1884 vel
364 1841 407 1897 tu,
421 1825 500 1905 quod
514 1840 653 1904 superest,
668 1824 775 1885 infesto
790 1824 915 1884 fulmine
929 1822 1027 1894 morti,

302 1907 324 1965 si
339 1927 460 1978 mereor,
476 1905 607 1979 demitte,
623 1921 731 1984 tuaque
744 1905 794 1966 hic
809 1905 898 1964 obrue
913 1902 1033 1964 dextra?

301 1988 350 2046 vix
365 1989 436 2045 haec
453 1987 591 2058 ediderat,
607 2006 675 2050 cum
690 1986 786 2046 effusis
801 1985 942 2045 imbribus
956 2000 1017 2042 atra

303 2082 457 2146 tempestas
472 2067 533 2126 sine
548 2087 628 2128 more
643 2067 724 2140 furit,
741 2067 911 2146 tonitruque
925 2078 1106 2125 tremescunt

302 2148 391 2207 ardua
406 2163 547 2208 terrarum
562 2163 591 2206 et
607 2147 722 2226 campi3
743 2147 802 2206 ruit
816 2149 934 2209 aethere
949 2161 1010 2205 toto

245 2275 247 2279 ,
303 2229 434 2289 turbidus
449 2228 542 2294 imber
556 2250 630 2308 aqua
645 2228 799 2307 densisque
814 2227 986 2304 nigerrimus
999 2225 1130 2296 Austris3

302 2310 513 2388 inplenturque
528 2331 613 2388 super
627 2329 758 2388 puppes;
779 2324 903 2368 semusta
918 2308 1090 2367 madescunt

303 2392 405 2450 robora
413 2416 423 2463 3
444 2391 599 2451 restinctus
614 2392 708 2449 donec
723 2410 813 2468 vapor
826 2390 931 2460 omisis,
946 2404 975 2448 et
990 2407 1101 2459 omnes,

303 2488 441 2552 quattuor
455 2472 573 2544 amissis,
588 2487 714 2530 servatae
729 2493 745 2530 a
760 2486 840 2548 peste
855 2469 980 2530 carinae.

343 2567 373 2611 at
387 2569 468 2630 pater
481 2554 605 2624 Aeneas,
619 2572 688 2612 casu
702 2571 858 2611 concussus
873 2551 986 2622 acerbo,
1133 2577 1169 2616 700

303 2653 383 2693 nunc
398 2635 456 2692 huc
470 2633 602 2709 ingentes
617 2629 696 2692 nunc
711 2632 783 2692 illuc
797 2648 915 2711 pectore
930 2651 1011 2691 curas

303 2714 435 2773 mutabat
448 2733 572 2786 versans,
589 2713 732 2773 Siculisne
746 2713 886 2774 resideret
900 2712 983 2785 arvis,

303 2795 411 2852 oblitus
426 2793 562 2867 fatorum,
577 2795 702 2854 Italasne
719 2809 881 2871 capesseret
895 2813 967 2852 oras.

303 2889 367 2932 tum
381 2875 478 2934 senior
491 2875 614 2948 Nautes,
630 2895 723 2934 unum
738 2874 875 2934 Tritonia
890 2873 985 2932 Pallas

303 2975 391 3032 quem
406 2956 517 3026 docuit,
532 2957 682 3034 multaque
697 2955 841 3031 insignem
855 2953 982 3013 reddidit
997 2967 1111 3024 arte,—

303 3035 358 3092 hac
373 3055 507 3113 responsa
521 3037 617 3106 dabat,
632 3036 680 3095 vel
696 3055 769 3114 quae
783 3034 973 3112 portenderet
987 3033 1030 3091 ira

304 3132 406 3190 magna
420 3115 517 3188 deum,
532 3117 579 3176 vel
594 3137 669 3195 quae
683 3116 810 3176 fatorum
824 3130 958 3193 posceret
972 3113 1086 3174 ordo-
1207 3147 1223 3180 2

303 3193 386 3271 isque
399 3195 444 3254 his
458 3197 580 3256 Aenean
595 3197 701 3259 solatus
715 3196 834 3255 vocibus
850 3195 934 3254 infit:

285 3278 372 3334 ‘nate
387 3275 450 3347 dea,
466 3297 525 3355 quo
539 3277 598 3336 fata
614 3279 733 3336 trahunt
748 3277 968 3354 retrahuntque,
984 3290 1155 3353 sequamur:

438 3368 486 3417 680
503 3369 633 3418 flammam.
668 3369 772 3419 flamma.
806 3369 854 3432 706
871 3369 929 3419 hacc
940 3367 1001 3418 codd.
