2562 4114
420 364 586 414 AENEIDOS
604 365 668 412 LIB.
684 365 708 411 X
972 378 1017 426 317

151 515 271 574 quosne,
286 495 375 567 nefas,
390 513 488 552 omnes
504 493 623 554 infanda
636 492 667 551 in
683 509 774 553 morte
788 494 902 573 reliqui,
919 561 921 564 ¹

150 592 181 636 et
194 596 274 635 nunc
289 577 414 653 palantes
429 574 522 645 video,
536 574 733 653 gemitumque
748 575 903 634 cadentum

150 657 281 735 accipio?
321 655 393 734 quid
407 660 477 733 agol
498 671 547 714 aut
562 675 634 732 quae
649 655 706 713 iam
721 656 785 714 satis
800 655 858 714 ima
871 655 998 715 dehiscat

152 754 227 798 terra
242 737 333 796 mihi?
374 757 423 796 vos
437 758 455 796 o
468 736 562 814 potius
577 735 762 807 miserescite,
777 736 877 806 venti;

151 820 182 878 in
196 839 289 896 rupes,
305 818 335 876 in
350 818 554 876 saxa-volens
569 838 618 875 vos
633 817 753 876 Turnus
768 817 893 876 adoro-

151 900 225 958 ferte
239 915 338 971 ratem,
354 898 501 977 saevisque
516 897 594 956 vadis
608 897 748 956 inmittite
764 897 861 974 Syrtis,

152 1001 210 1059 quo
224 999 318 1059 neque
333 999 380 1038 me
396 978 510 1050 Rutuli,
525 997 579 1037 nec
595 978 710 1037 conscia
725 978 800 1036 fama
814 979 966 1056 sequatur.'

122 1095 125 1099 ·
151 1062 221 1120 haec
236 1081 407 1132 memorans,
422 1059 518 1119 animo
533 1079 611 1117 nunc
627 1060 695 1130 huc,
710 1079 789 1117 nunc
805 1058 925 1118 fluctuat
939 1059 1021 1129 illuc,

151 1160 188 1200 an
202 1162 260 1201 sese
275 1161 414 1200 mucrone
429 1140 466 1199 ob
481 1155 594 1199 tantum
609 1139 733 1198 dedecus
749 1159 846 1198 amens
983 1157 1019 1197 σει

152 1222 262 1294 induat,
277 1237 305 1280 et
319 1221 441 1280 crudum
456 1242 507 1299 per
522 1235 611 1281 costas
626 1219 720 1296 exigat
735 1240 852 1291 ensem;

151 1302 287 1362 fluctibus
301 1323 337 1360 an
352 1302 437 1360 iaciat
452 1301 562 1372 mediis,
579 1315 607 1359 et
622 1301 707 1360 litora
722 1301 817 1360 nando

152 1403 239 1442 curva
253 1398 340 1460 petat,
356 1383 565 1460 Teucrumque
580 1381 686 1441 iterum
701 1401 730 1440 se
744 1382 843 1441 reddat
857 1381 888 1439 in
903 1400 988 1440 arma.

151 1480 195 1524 ter
209 1479 326 1523 conatus
342 1463 601 1541 utramqueviam3
623 1478 666 1520 ter
680 1461 805 1520 maxima
819 1462 895 1521 Iuno

152 1544 306 1616 continuit,
321 1543 516 1622 iuvenemque
531 1542 620 1601 animi
635 1543 767 1602 miserata
781 1541 922 1622 repressit.

152 1623 258 1684 labitur
272 1625 329 1684 alta
342 1645 440 1684 secans
455 1622 605 1702 fluctuque
620 1640 757 1702 aestuque
772 1624 908 1693 secundo,

153 1721 182 1766 et
196 1705 282 1784 patris
296 1705 443 1784 antiquam
458 1705 556 1764 Dauni
571 1704 700 1764 defertur
714 1705 749 1762 ad
764 1704 875 1764 urbem.
891 1767 894 1772 Δ

193 1803 221 1845 at
235 1785 312 1846 Iovis
326 1787 435 1845 interea
448 1785 565 1844 monitis
581 1785 749 1844 Mezentius
763 1784 862 1842 ardens

152 1866 280 1938 succedit
294 1886 415 1943 pugnae,
431 1866 619 1942 Teucrosque
634 1865 744 1922 invadit
758 1880 883 1924 ovantes.
984 1881 1023 1934 σῳ

153 1961 329 2020 concurrunt
343 1946 513 2024 Tyrrhenae
527 1944 611 2015 acies,
627 1959 713 2022 atque
727 1944 861 2002 omnibus
875 1945 936 2015 uni,

153 2027 205 2087 uni
220 2027 348 2105 odiisque
363 2025 424 2084 viro
440 2025 561 2102 telisque
576 2025 774 2103 frequentibus
789 2025 906 2084 instant.

152 2109 214 2180 ille,
228 2107 309 2166 velut
323 2126 415 2183 rupes,
431 2120 542 2164 vastum
557 2125 631 2183 quae
644 2105 740 2183 prodit
754 2105 784 2164 in
800 2126 914 2185 aequor,

152 2188 237 2248 obvia
251 2201 407 2264 ventorum
417 2185 499 2245 furiis
514 2201 687 2264 expostaque
701 2203 801 2263 ponto,

137 2270 213 2333 ,vim
228 2283 364 2328 cunctam
378 2281 464 2345 atque
479 2266 571 2325 minas
584 2267 694 2344 perfert
708 2267 838 2345 caelique
853 2266 1003 2345 marisque,

154 2350 214 2428 ipsa
227 2349 338 2408 inmota
351 2367 488 2428 manens:
510 2348 624 2425 prolem
638 2346 828 2406 Dolichaonis
843 2347 978 2407 Hebrum

154 2430 256 2490 sternit
266 2427 357 2501 humi,
367 2447 435 2487 cum
444 2448 502 2507 quo
513 2429 654 2504 Latagum
671 2427 859 2505 Palmumque
870 2428 1001 2503 fugacem
1011 2452 1021 2498 3

154 2511 203 2570 sed
217 2511 359 2585 Latagum
373 2529 440 2568 saxo
455 2525 540 2587 atque
555 2508 668 2585 ingenti
683 2507 822 2584 fragmine
837 2507 942 2567 montis

154 2607 277 2668 occupat
291 2611 322 2649 os
335 2589 497 2668 faciemque
513 2590 658 2649 adversam
667 2615 677 2661 ;
698 2589 809 2667 poplite
825 2589 958 2648 Palmum

155 2672 265 2732 succiso
279 2671 356 2730 volvi
371 2690 488 2747 segnem
503 2670 571 2729 sinit
580 2695 590 2740 ς
612 2691 747 2749 armaque
761 2671 854 2729 Lauso
983 2699 1021 2738 ,ω

154 2753 241 2812 donat
255 2753 361 2811 habere
376 2751 480 2810 umeris
496 2766 525 2810 et
539 2750 647 2810 vertice
663 2751 748 2827 figere
763 2750 869 2810 cristas.

155 2853 209 2893 nec
225 2853 284 2891 non
300 2834 454 2892 Euanthen
471 2831 636 2908 Phrygium,
654 2831 817 2910 Paridisque
832 2830 978 2890 Mimanta

155 2913 305 2992 aequalem
319 2913 532 2990 comitemque;
553 2932 611 2970 una
624 2932 712 2990 quem
726 2927 813 2972 nocte
828 2913 954 2971 Theano

155 2993 187 3052 in
202 2996 299 3053 lucem
313 2993 435 3070 genitori
449 2994 563 3070 Amyco
576 2993 666 3066 dedit,
682 3009 711 3052 et
726 2993 788 3052 face
802 3012 959 3071 praegnans

156 3075 262 3134 Cisseis
276 3073 374 3150 regina
389 3073 473 3132 Parin
489 3089 584 3134 creat:
606 3074 676 3134 urbe
690 3089 810 3151 paterna

156 3154 299 3225 occubat;
319 3153 448 3231 ignarum
463 3154 590 3214 Laurens
604 3154 692 3213 habet
707 3175 755 3213 ora
771 3153 926 3214 Mimanta.

156 3256 189 3295 ac
205 3235 285 3295 velut
299 3234 349 3293 ille
365 3255 469 3295 canum
484 3254 579 3294 morsu
593 3235 630 3293 de
645 3234 792 3294 montibus
806 3235 870 3294 altis

157 3332 237 3376 actus
252 3336 328 3394 aper,
342 3316 447 3376 multos
463 3315 588 3376 Vesulus
602 3335 690 3393 quem
704 3315 813 3393 pinifer
826 3337 914 3376 annos

31 3385 49 3431 sl
135 3411 182 3475 ⁶73
199 3426 307 3476 qumque,
374 3410 422 3474 ⁶⁸²3
437 3410 526 3461 inbuet.
593 3422 639 3473 705
659 3410 742 3460 Parius
761 3410 892 3459 Patiturbe
903 3409 999 3474 Bentley.
