2568 4114
372 389 374 398 '
414 393 582 442 AENEIDOS
600 394 663 443 LIB.
681 397 707 442 V
897 387 900 394 ’
985 411 1029 459 197

163 525 296 582 ardentes
312 523 421 582 dare
395 544 454 581 v1sa
469 524 564 582 faces:
587 524 662 584 “hic
678 524 807 602 quaerite
823 525 964 596 Troiam;

162 605 212 664 hic
227 605 329 662 domus
341 604 403 677 est,'
406 604 531 682 'inquit,
544 605 682 665 “vobis”
716 605 775 663 iam
787 621 900 683 tempus
912 606 956 682 agi
968 626 1031 676 res;

163 706 218 744 nec
235 685 322 744 tantis
337 705 417 743 mora
430 685 577 778 prodigiis.
620 707 657 744 en
672 702 810 764 quattuor
824 707 888 745 arae

164 766 326 844 Neptuno:
347 765 441 824 deus
433 787 494 844 rpse
509 767 586 846 faces
601 767 790 860 animumque
805 766 969 826 ministrat'
994 785 1032 834 οφ

163 849 235 905 haec
251 866 413 904 memorans
428 847 521 924 prima
536 834 727 906 infensum
699 867 728 906 vr
745 847 864 924 corripit
878 848 986 926 ignem,

163 928 335 1020 sublataque
349 927 451 1005 procul
471 927 572 986 dextra
587 927 692 987 conixa
707 943 847 1000 coruscat,

164 1024 193 1068 et
205 1007 286 1070 iacit.
329 1023 457 1067 arrectae
472 1025 584 1067 mentes
599 1009 820 1087 stupefactaque
834 1009 921 1066 corda

163 1089 300 1148 Iliadum
343 1089 391 1148 hic
407 1109 465 1147 una
481 1109 496 1147 e
511 1089 611 1148 multis
627 1111 700 1167 quae
715 1089 840 1148 maxima
855 1104 936 1161 natu,

164 1171 266 1247 Pyrgo‚
283 1185 326 1229 tot
342 1169 448 1228 Priami
464 1186 599 1228 natorum
614 1172 691 1246 regia
705 1171 823 1229 nutrix:

143 1256 224 1308 ‘non
240 1251 332 1310 Beroe
346 1249 437 1322 vobis,
452 1270 513 1308 non
528 1252 600 1309 haec
616 1251 769 1323 Rhoeteia,
785 1266 900 1323 matres,

163 1346 208 1390 est
221 1330 342 1408 Dorycli
358 1329 507 1390 coniunx:
529 1331 621 1390 divini
637 1332 717 1407 signa
731 1331 853 1403 decoris,

164 1411 356 1490 ardentesque
372 1426 472 1470 notate
486 1412 586 1470 oculos
595 1438 605 1483 ;
627 1412 676 1490 qui
692 1412 808 1491 spiritus
822 1412 876 1484 illi,

164 1492 214 1570 qui
229 1493 336 1565 vultus,
350 1491 488 1570 vocisque
503 1513 598 1566 sonus,
614 1494 660 1552 vel
675 1513 784 1569 gressus
801 1491 893 1551 eunti.

165 1573 225 1650 ipsa
241 1589 354 1649 egomet
372 1573 484 1632 dudum
500 1573 612 1633 Beroen
628 1574 752 1649 digressa
766 1572 871 1652 reliqui
995 1590 1033 1638 650

164 1675 286 1730 aegram,
302 1654 514 1730 indignantem,
530 1655 582 1712 tali
597 1655 676 1733 quod
691 1656 749 1713 sola
765 1669 874 1713 careret

164 1755 294 1806 munere,
310 1755 365 1794 nec
379 1735 497 1794 meritos
511 1735 657 1794 Anchisae
672 1735 795 1792 inferret
809 1734 953 1796 honores'

163 1817 236 1875 haec
251 1817 346 1875 effata.

165 1911 194 1954 at
208 1913 312 1955 matres
326 1895 422 1974 primo
437 1896 579 1974 ancipites
594 1895 743 1974 oculisque
758 1894 893 1970 malignis

165 1977 316 2052 ambiguae
330 1991 462 2055 spectare
477 1991 551 2034 rates
567 1975 704 2034 miserum
718 1975 796 2034 inter
811 1995 937 2033 amorem

163 2056 323 2136 praesentis
339 2071 430 2114 terrae
445 2055 571 2134 fatisque
585 2056 720 2115 vocantia
734 2076 831 2132 regna,

164 2159 233 2198 cum
248 2138 302 2195 dea
317 2157 346 2194 se
360 2135 476 2213 paribus
491 2157 543 2214 per
557 2137 672 2194 caelum
686 2137 804 2196 sustulit
818 2137 870 2196 alis

163 2219 374 2294 ingentemque
389 2217 456 2291 fuga
471 2216 564 2275 secuit
578 2217 630 2274 sub
648 2217 773 2276 nubibus
789 2237 906 2276 arcum:

164 2315 229 2358 tum
244 2317 312 2356 vero
326 2297 468 2356 attonitae
484 2297 618 2356 monstris
633 2312 772 2375 actaeque
787 2298 884 2356 furore

165 2379 361 2450 conclamant,
374 2377 549 2456 rapiuntque
560 2377 633 2436 focis
645 2377 843 2456 penetralibus
855 2378 952 2453 ignem
963 2402 971 2447 ;
996 2395 1033 2434 sse

164 2482 228 2538 pars
244 2459 371 2538 spoliant
385 2479 455 2531 aras,
472 2458 606 2517 frondem
621 2479 653 2517 ac
668 2459 792 2534 virgulta
807 2459 942 2536 facesque

166 2540 328 2600 coniciunt.
371 2539 443 2598 furit
458 2539 582 2598 inmissis
597 2540 749 2598 Vulcanus
763 2539 884 2598 habenis

167 2636 290 2681 transtra
304 2641 357 2699 per
371 2637 401 2680 et
415 2641 508 2678 remos
525 2636 554 2680 et
567 2620 659 2699 pictas
674 2620 770 2679 abiete
784 2635 905 2698 puppes.

167 2702 288 2761 nuntius
301 2702 447 2761 Anchisae
463 2701 499 2759 ad
514 2702 661 2760 tumulum
675 2721 841 2780 cuneosque
856 2699 962 2758 theatri

166 2784 299 2842 incensas
312 2783 422 2862 perfert
437 2803 524 2842 naves
539 2783 687 2855 Eumelus,
702 2797 732 2841 et
746 2781 800 2860 ipsi

166 2864 327 2942 respiciunt
342 2879 432 2922 atram
447 2863 479 2922 in
494 2863 595 2922 nimbo
609 2863 730 2921 volitare
745 2863 884 2921 favillam.

167 2945 276 3022 primus
292 2960 320 3003 et
334 2944 484 3016 Ascanius,
501 2965 599 3002 cursus
616 2960 647 3002 ut
662 2944 753 3002 laetus
769 2957 914 3022 equestres
998 3000 1000 3006 ,

167 3025 338 3097 ducebat,
317 3046 357 3084 s1c
373 3046 439 3084 acer
454 3045 528 3103 equo
544 3025 657 3083 turbata
671 3023 777 3117 petivit

167 3122 268 3178 castra,
283 3127 338 3165 nec
354 3106 500 3164 exanimes
515 3120 635 3183 possunt
650 3105 776 3164 retinere
790 3104 928 3181 magistri.

148 3186 231 3265 ‘quis
242 3187 344 3244 furor
336 3201 390 3244 rste
401 3190 511 3245 novus?
531 3207 589 3264 quo
603 3205 692 3258 nunc,
705 3206 763 3278 quo
775 3186 914 3258 tenditis:
926 3181 1032 3263 inquit,

148 3268 224 3325 ‘heu
240 3267 360 3326 miserae
375 3267 471 3326 cives?
492 3287 552 3324 non
567 3267 702 3324 hostem
694 3265 872 3346 inimicaque
886 3281 977 3324 castra
996 3282 1032 3330 ⁶71

166 3346 314 3422 Argivom,
328 3363 434 3406 vestras
449 3368 512 3424 spes
529 3347 619 3406 uritis.
662 3367 708 3420 en,
725 3367 777 3423 ego
791 3363 885 3406 vester

166 3427 308 3487 Ascanius
319 3426 342 3487 !'
363 3428 474 3504 galeam
489 3444 556 3487 ante
571 3429 659 3506 pedes
673 3427 796 3506 proiecit
811 3428 938 3497 inanem,
