2558 4112
449 349 615 400 Anunrnos
633 350 695 399 mn.
711 350 738 400 11
1005 365 1051 413 υς

179 479 295 558 iamque
310 477 370 538 dies
384 477 503 537 infanda
517 479 612 538 aderat
625 503 635 549 ;
655 478 727 538 mihi
742 501 818 540 saera
831 480 935 558 parari,

180 576 208 619 et
223 561 310 618 salsae
325 559 429 635 fruges,
445 575 474 619 et
488 559 600 618 circum
615 576 744 638 tempora
757 559 856 620 vittae.

179 640 282 718 eripui,
297 641 398 712 fateor,
413 640 472 699 leto
486 661 544 712 me,
559 655 588 698 et
603 639 720 700 vincula
734 640 797 719 rupi
811 665 820 712 ;

179 722 338 800 limosoque
353 721 418 780 lacu
434 741 484 798 per
499 736 617 780 noctem
632 722 768 780 obscurus
782 721 813 779 in
829 722 895 780 ulva

179 801 292 871 delitui,
307 801 378 860 dum
392 803 456 860 vela
470 802 582 874 darent,
599 801 622 860 si
638 803 710 862 forte
725 801 879 862 dedissent.

178 902 234 941 nee
250 881 322 940 mibi
338 881 394 940 iam
409 881 528 959 patriam
545 883 693 962 antiquam
709 903 770 961 spes
786 883 844 943 ulla
858 882 985 956 videndi,

179 983 234 1021 nec
250 963 350 1022 dulces
364 979 445 1022 natos
461 979 688 1042 exoptatumque
703 979 852 1041 parentem
865 989 874 1034 ;

178 1064 249 1122 quos
264 1043 308 1101 illi
323 1042 379 1102 fors
394 1060 423 1102 et
437 1064 542 1121 poenae
559 1045 596 1104 ob
611 1061 708 1104 nostra
720 1061 872 1121 reposcent

179 1124 295 1202 effugia,
310 1139 338 1182 et
353 1124 469 1202 culpam
483 1127 559 1184 hanc
577 1124 744 1185 miserorum
759 1140 849 1184 morte
864 1124 996 1204 piabunt.
1015 1155 1052 1194 ιφ

178 1205 257 1284 quod
271 1221 299 1264 te
313 1226 366 1284 per
381 1225 497 1283 superos
512 1221 541 1266 et
558 1207 672 1266 conscia
686 1206 807 1265 numina
821 1205 891 1278 veri,

177 1306 239 1366 per,
254 1285 276 1344 si
291 1307 347 1365 qua
362 1303 414 1358 est,
429 1307 501 1365 quae
519 1303 605 1347 restet
620 1287 712 1346 adhuc
728 1286 897 1347 mortalibus
912 1307 1031 1367 usquam

178 1367 349 1426 intemerata
363 1367 442 1439 fides,
457 1388 514 1437 oro,
534 1368 666 1427 miserere
681 1369 811 1428 laborum

179 1464 334 1518 tantorum,
351 1448 485 1508 miserere
503 1448 591 1508 animi
607 1469 666 1506 non
681 1448 768 1525 digna
781 1447 916 1507 ferentis)

218 1527 263 1587 bis
278 1529 404 1588 lacrimis
418 1528 507 1588 vitam
525 1528 635 1600 damus,
650 1545 679 1588 et
693 1529 901 1588 miserescimus
916 1529 1001 1589 ultro.

178 1609 238 1686 ipse
255 1608 314 1668 viro
327 1609 436 1688 primus
452 1609 580 1670 manicas
595 1626 680 1690 atque
695 1627 754 1669 arta
769 1609 856 1668 levari

178 1690 275 1749 vincla
289 1689 369 1750 iubet
386 1689 522 1761 Priamus,
541 1691 683 1770 dictisque
698 1691 738 1749 ita
752 1691 826 1750 fatur
840 1689 939 1749 amicis
952 1713 959 1749 :

158 1769 305 1851 ‘quisquis
319 1789 359 1843 es,
373 1771 485 1830 amissos
503 1771 574 1831 hinc
592 1770 648 1830 iam
663 1770 830 1829 obliviscere
846 1770 969 1830 Graios:

178 1867 274 1910 noster
288 1851 342 1910 eris
355 1877 364 1922 ;
386 1851 515 1932 mihique
534 1854 605 1911 haec
622 1851 742 1910 edissere
758 1871 822 1910 vera
836 1851 956 1926 roganti·

178 1953 235 2011 quo
275 1933 384 1992 molem
423 1935 498 1992 hanc
544 1932 669 1991 inmanis
711 1930 778 2010 equi
818 1936 963 1992 statuere?
991 1930 1053 2011 quis

260 2017 381 2073 auctor?
1017 2041 1054 2080 τεο

198 2093 283 2153 uidve
297 2099 422 2172 petunt?
444 2115 517 2187 quae
531 2093 632 2169 religio
646 2109 695 2153 aut
709 2113 781 2172 quae
791 2094 926 2153 machina
943 2093 1013 2153 belli
1024 2093 1053 2152 i'

177 2116 297 2235 dixerat.
339 2175 389 2234 ille
404 2175 477 2234 dolus
494 2173 650 2234 instructus
665 2190 694 2233 et
708 2191 766 2233 arte
782 2174 905 2250 Pelasga,

177 2255 292 2314 sustulit
307 2272 406 2314 exutas
422 2255 524 2315 vinclis
543 2255 579 2316 ad
593 2255 682 2314 sidera
696 2255 824 2346 palmas:

157 2344 236 2408 ‘vos,
252 2336 360 2396 aeterni
374 2336 463 2413 ignes,
480 2352 509 2396 et
527 2356 586 2395 non
601 2335 735 2395 violabrle
749 2351 875 2394 vestrum

178 2432 266 2476 testor
280 2415 409 2489 numen‚'
423 2418 470 2488 ait,
488 2423 559 2475 ‘vos
575 2411 637 2476 a‘rae
651 2435 789 2495 ensesque
804 2414 931 2486 nefandi,

180 2571 183 2574 Ι
197 2518 248 2556 uos
263 2497 332 2574 fugi,
348 2497 493 2578 vittaeque
513 2498 610 2570 deum,
625 2517 692 2576 quas
706 2496 798 2555 hostia
811 2495 882 2572 gessi
897 2518 904 2554 :

177 2519 218 2636 ias
233 2578 307 2638 mihi
322 2579 478 2638 Graiorum
496 2595 601 2638 sacrata
614 2578 755 2637 resolvere
769 2576 838 2648 iura,

176 2660 217 2718 fas
232 2660 324 2718 odisse
338 2659 420 2734 viros,
437 2675 520 2740 atque
541 2659 638 2719 omnia
653 2659 725 2718 ferre
740 2658 793 2718 sub
806 2678 893 2726 auras,

177 2740 199 2798 si
215 2761 272 2820 qua
286 2755 409 2817 tegunt:
431 2757 531 2800 teneor
549 2739 656 2819 patriae
671 2759 725 2799 nec
741 2739 850 2814 legibus
865 2737 939 2796 ullis.

177 2837 208 2879 tu
224 2822 311 2880 modo
325 2821 468 2900 promissis
485 2841 607 2892 maneas,
624 2836 787 2900 servataque
802 2839 893 2878 serves
1016 2835 1054 2877 xeo

178 2901 269 2962 Troia
282 2902 379 2974 fidem,
394 2903 417 2962 si
433 2923 497 2960 vera
514 2902 613 2972 feram,
629 2901 652 2960 si
666 2921 769 2978 magna
782 2899 949 2978 rependam.

218 2983 313 3042 omnis
328 3004 390 3062 spes
405 2983 540 3042 Danaum
557 2999 586 3042 et
600 2981 695 3059 coepti
710 2981 816 3040 fiducia
830 2979 899 3040 belli

178 3062 300 3123 Palladis
315 3064 428 3123 auxiliis
444 3083 556 3142 semper
572 3062 658 3122 stetit.
700 3061 797 3139 inpius
812 3082 847 3119 ex
863 3083 920 3140 quo

176 3143 309 3220 Tydides
323 3145 374 3204 sed
389 3144 467 3204 enim
482 3146 681 3222 scelerumque
696 3142 831 3202 inventor
845 3142 959 3213 Ulixes,

175 3224 265 3284 fatale
279 3227 401 3303 adgressi
417 3242 526 3286 sacrato
540 3225 662 3283 avellere
677 3224 786 3301 templo

177 3305 351 3379 Palladium,
366 3307 453 3366 caesis
468 3327 594 3366 summae
609 3305 773 3365 custodibus
788 3305 868 3377 arcis,

524 3415 569 3462 142
587 3408 666 3451 ratae.
