2568 4114
422 371 588 419 Annnrnos
606 371 669 420 urs.
687 373 725 422 vr
864 349 866 355 ’
995 391 1041 438 217

176 518 208 560 ut
222 501 350 578 primum
364 500 445 559 iuxta
460 501 538 560 stetit
553 501 744 580 adgnovitque
757 523 809 580 per
822 505 936 564 umbras

176 582 338 653 obscuram,
355 582 470 660 qualern
485 581 580 661 primo
594 583 643 661 qui
659 603 772 659 surgere
787 605 885 645 mense

177 678 226 722 aut
239 662 320 722 videt
334 679 384 721 aut
397 663 501 720 vidisse
515 678 598 740 putat
612 685 662 741 per
677 664 776 724 nubila
790 665 899 738 lunam,

176 741 293 803 demisit
307 743 448 815 lacrimas,
462 744 600 822 dulcique
615 746 725 804 adfatus
741 766 835 804 amore
850 763 913 805 est:

156 823 281 884 ‘infelix
295 823 384 894 Dido,
398 845 480 883 verus
495 825 567 882 mihi
583 827 702 885 nuntius
716 845 782 902 ergo

175 920 296 964 venerat
310 905 492 977 exstinctam,
507 907 640 985 ferroque
656 923 783 966 extrema
795 913 946 967 secutam?

176 985 285 1044 funeris
299 987 356 1045 heu
372 985 425 1044 tibi
440 1007 522 1045 causa
538 987 603 1046 fui?
642 1009 694 1065 per
708 988 799 1046 sidera
814 989 887 1060 iuro,

174 1087 226 1144 per
240 1086 365 1143 superos,
379 1082 409 1125 et
423 1067 445 1126 si
460 1088 517 1145 qua
532 1068 600 1126 fides
614 1069 717 1127 tellure
732 1069 785 1127 sub
798 1069 856 1128 ima
871 1086 922 1142 est,

175 1147 294 1218 invitus,
308 1148 416 1224 regina,
431 1162 481 1206 tuo
495 1148 530 1206 de
546 1149 628 1207 litore
643 1149 724 1208 cessi.
1005 1170 1045 1219 460

175 1228 225 1286 sed
239 1249 286 1287 me
301 1228 375 1288 iussa
390 1229 487 1321 deum,
502 1249 575 1306 quae
590 1250 669 1288 nunc
684 1229 757 1288 has
749 1250 791 1288 tre
805 1251 856 1308 per
871 1230 993 1302 umbras,

175 1329 226 1402 per
241 1309 304 1367 loca
318 1324 398 1368 senta
413 1309 468 1367 situ
484 1325 591 1384 cogunt
605 1325 779 1404 noctemque
784 1312 974 1405 profundam,

174 1389 302 1466 imperiis
317 1409 399 1466 egere
414 1390 491 1461 suis3
512 1410 567 1448 nec
582 1391 698 1450 credere
712 1391 792 1470 quivi

174 1471 253 1529 hunc
270 1486 382 1529 tantum
398 1471 450 1529 tibi
465 1491 511 1530 me
527 1471 651 1530 discessu
667 1473 739 1531 ferre
753 1473 891 1532 dolorem.

175 1551 241 1610 siste
255 1551 386 1627 gradum,
400 1567 487 1630 teque
501 1568 616 1630 aspectu
633 1574 670 1612 ne
685 1554 818 1612 subtrahe
834 1570 938 1614 nostro.

175 1651 263 1710 quem
272 1632 365 1708 fugis?
386 1647 547 1692 extremum
558 1634 626 1705 fato,
635 1635 712 1712 quod
724 1650 752 1694 te
761 1634 910 1714 adloquor,
918 1637 974 1694 hoc
982 1632 1042 1694 est?

175 1713 279 1772 talibus
293 1715 406 1771 Aeneas
421 1714 569 1773 ardentem
585 1730 614 1772 et
629 1731 707 1774 torva
723 1730 853 1774 tuentem

174 1794 284 1853 lenibat
298 1793 383 1852 dictis
398 1794 537 1866 animum,
554 1795 741 1873 lacrimasque
756 1795 857 1855 ciebat.

175 1875 225 1932 illa
239 1875 301 1933 solo
315 1875 384 1932 fixos
399 1875 497 1933 oculos
513 1895 609 1933 aversa
624 1875 741 1934 tenebat
753 1899 762 1945 ;

176 1975 229 2014 nec
244 1955 333 2031 magis
347 1956 465 2033 incepto
480 1955 594 2013 vultum
610 1975 739 2014 sermone
754 1971 896 2028 movetur,
1005 1987 1043 2026 470

175 2057 261 2114 quam
276 2037 298 2094 si
313 2037 384 2094 dura
399 2037 471 2094 silex
485 2050 534 2093 aut
549 2051 604 2094 stet
619 2037 765 2113 Marpesia
780 2052 887 2097 cautes.

175 2117 291 2176 tandem
306 2117 445 2197 corripuit
459 2137 528 2187 sese,
543 2132 628 2194 atque
643 2117 762 2176 inimica
776 2119 881 2194 refugit

175 2197 206 2256 in
222 2218 322 2257 nemus
338 2198 536 2268 umbriferum,
552 2197 682 2255 coniunx
697 2198 746 2256 ubi
760 2199 898 2276 pristinus
912 2199 958 2258 illi

174 2280 327 2356 respondet
341 2279 427 2350 curis,
442 2293 602 2357 aequatque
619 2279 763 2356 Sychaeus
779 2299 915 2346 amorem.

175 2379 230 2418 uec
245 2360 340 2418 minus
355 2361 478 2430 Aeneas,
494 2379 561 2418 casu
577 2379 730 2418 concussus
745 2358 856 2438 iniquo,

174 2441 354 2519 prosequitur
368 2441 492 2500 lacrimis
508 2441 592 2516 longe
607 2455 636 2500 et
650 2441 799 2499 miseratur
813 2456 941 2500 euntem.

216 2521 284 2579 inde
298 2521 398 2580 datum
412 2522 531 2580 molitur
545 2521 608 2582 iter.
650 2521 764 2600 iamque
779 2542 845 2580 arva
860 2522 999 2581 tenebant

175 2601 288 2673 ultima,
302 2623 374 2680 quae
390 2602 467 2661 bello
483 2602 551 2660 clari
567 2617 675 2661 secreta
689 2603 885 2681 frequentant.

175 2683 222 2741 hic
238 2682 282 2740 illi
297 2683 424 2742 occurrit
439 2683 568 2760 Tydeus,
583 2683 631 2742 hic
647 2683 774 2743 inclutus
788 2683 871 2742 armis

177 2762 408 2841 Parthenopaeus
423 2779 452 2822 et
465 2763 579 2822 Adrasti
593 2764 750 2842 pallentis
742 2783 857 2840 rmag03
1004 2781 1043 2831 480

174 2843 222 2901 hic
238 2845 365 2903 multum
379 2843 439 2903 fleti
455 2845 490 2902 ad
505 2865 620 2923 superos
635 2845 771 2924 belloque
785 2845 888 2903 caduci

174 2922 364 2996 Dardanidae,
381 2946 451 3003 quos
466 2925 517 2984 ille
531 2945 631 2983 omnes
646 2926 733 3002 longo
747 2925 848 2985 ordine
863 2943 983 2984 cernens

175 3004 327 3080 ingemuit,
344 3006 561 3084 Glaucumque,
576 3006 787 3084 Medontaque,
802 3005 1042 3064 Thersilochum-

277 3106 323 3158 ue,

176 3181 232 3225 tres
244 3108 445 3239 Antenoridas,
460 3165 618 3245 Cererique
634 3175 745 3225 sacrum
761 3167 950 3245 Polypheten,

175 3247 364 3327 Idaeumque,
379 3247 466 3308 etiam
482 3268 589 3318 currus,
606 3247 693 3306 etiam
708 3267 784 3306 arma
798 3262 955 3306 tenentem.

176 3328 362 3388 circumstant
378 3329 489 3388 animae
504 3330 604 3387 dextra
618 3329 754 3406 laevaque
768 3329 941 3407 frequentes.

488 3421 686 3483 4761acrimant.
