2562 4114
399 405 565 455 AENEIDOS
582 406 645 454 LlB.
663 407 700 455 Xl
980 422 1025 472 347

164 537 305 598 continuo
320 539 350 596 in
365 551 478 597 montes
493 557 552 596 sese
567 537 645 596 avius
661 537 772 596 abdidit
787 539 859 598 altos
990 557 1030 598 810

164 619 260 678 occiso
273 634 384 697 pastore
399 619 484 696 lupus
499 638 638 694 magnove
653 619 789 690 iuvenco,

165 698 296 758 conscius
312 699 426 758 audacis
439 698 518 770 facti,
533 700 713 777 caudamque
728 699 890 758 remulcens

165 779 286 838 subiecit
300 779 477 856 pavitantem
494 794 587 850 utero,
602 779 744 858 silvasque
758 780 883 858 petivit:

164 859 243 918 haud
257 880 337 918 secus
353 873 389 918 e'x
403 860 495 920 oculis
510 881 539 919 se
554 860 686 919 turbidus
702 860 820 918 abstulit
834 862 953 931 Arruns,

164 955 377 1018 contentusque
392 941 459 1016 fuga
473 941 575 999 mediis
591 962 620 999 se
635 941 783 999 inmiscuit
798 942 893 1000 armis.

165 1020 214 1078 illa
228 1040 316 1079 manu
331 1021 458 1080 moriens
473 1023 566 1080 telum
582 1022 670 1080 trahit
682 1047 692 1092 ς
713 1042 774 1080 ossa
788 1021 839 1080 sed
853 1021 930 1082 inter

165 1100 272 1158 ferreus
287 1101 324 1160 ad
338 1118 429 1162 costas
445 1102 503 1161 alto
518 1116 574 1160 stat
589 1102 709 1160 vulnere
723 1121 834 1162 mucro.

165 1181 271 1239 labitur
285 1183 435 1258 exsanguis
447 1207 457 1252 3
479 1182 617 1241 labuntur
633 1181 736 1258 frigida
749 1183 808 1240 leto

164 1261 296 1331 lumina3
316 1282 476 1341 purpureus
491 1262 640 1341 quondam
655 1262 736 1321 color
750 1283 798 1321 ora
812 1262 939 1342 reliquit.

165 1357 228 1400 tum
243 1342 283 1402 sic
298 1343 444 1421 exspirans
458 1344 578 1413 Accam,
593 1363 628 1402 ex
644 1342 810 1420 aequalibus
826 1363 924 1416 unam,
993 1361 1031 1402 sno

165 1423 341 1501 adloquitur,
355 1423 411 1481 fida
426 1439 492 1482 ante
508 1423 576 1481 alias
591 1443 666 1502 quae
681 1423 740 1481 sola
756 1423 908 1495 Camillae,

165 1503 283 1581 quicum
298 1504 396 1581 partiri
412 1523 516 1562 curas·
508 1519 626 1596 ,atque
641 1503 735 1562 haec
727 1518 767 1562 rta
781 1505 878 1564 fatur:

145 1585 311 1653 ‘hactenus
320 1585 399 1643 Acca
408 1605 494 1655 soror,
503 1599 606 1665 potus
627 1603 708 1642 nunc
717 1584 823 1642 vulnus
833 1585 968 1644 acerbum

165 1664 291 1736 conficit,
307 1680 336 1722 et
351 1664 479 1723 tenebris
496 1663 664 1740 nigrescunt
681 1663 780 1722 omnia
795 1664 916 1724 circum.

165 1745 258 1819 effuge
273 1760 302 1803 et
316 1747 389 1804 haec
404 1744 508 1803 Turno
523 1744 658 1804 mandata
671 1743 825 1803 novissima
839 1747 954 1823 perfer:

165 1824 300 1884 succedat
314 1846 427 1902 pugnae
443 1825 645 1902 Troianosque
661 1839 754 1883 arceat
769 1827 849 1884 urbe.

165 1905 280 1983 iamque
294 1905 376 1964 vale!
417 1905 502 1962 simul
519 1905 563 1961 his
578 1903 663 1962 dictis
679 1903 830 1983 linquebat
844 1905 979 1977 habenas,

165 1987 201 2044 ad
216 1997 320 2044 terram
334 2005 394 2043 non
409 1999 513 2060 sponte
527 1983 630 2042 fluens.
673 1999 735 2042 turn
748 1983 850 2059 frigida
865 1998 927 2042 toto

165 2066 303 2143 paulatim
319 2064 442 2124 exsolvit
457 2083 486 2121 se
501 2083 632 2139 corpore,
646 2063 782 2142 lentaque
796 2064 872 2124 colla

166 2162 195 2205 et
210 2162 326 2223 captum
341 2146 401 2203 leto
416 2143 512 2222 posuit
528 2159 626 2221 caput,
641 2164 717 2203 arma
731 2144 907 2222 relinquens,
992 2164 1030 2216 830

166 2227 281 2305 vitaque
296 2246 363 2286 cum
378 2224 489 2302 gemitu
504 2224 579 2300 fugit
594 2225 742 2301 indignata
755 2226 808 2284 sub
823 2226 947 2286 umbras.

167 2323 229 2365 tum
244 2326 312 2366 vero
326 2307 474 2365 inmensus
490 2325 606 2381 surgens
621 2305 689 2364 ferit
704 2325 787 2364 aurea
802 2302 917 2366 clamor¹

166 2388 279 2459 sidera3
300 2387 412 2446 deiecta
424 2386 568 2445 crudescit
582 2406 678 2463 pugna
693 2385 841 2454 Camilla3

166 2469 320 2527 incurrunt
334 2467 416 2526 densi
431 2466 516 2525 simul
532 2466 625 2525 omnis
640 2466 723 2543 copia
738 2466 889 2526 Teucrum

167 2549 373 2628 Tyrrhenique
388 2548 476 2607 duces
492 2544 675 2625 Euandrique
689 2546 814 2606 Arcades
829 2548 899 2608 alae.

206 2646 235 2689 at
249 2630 368 2688 Triviae
382 2644 478 2689 custos
493 2627 685 2686 iamdudum
677 2649 708 2686 ιιι
723 2627 871 2687 montibus
886 2628 960 2706 Opis

167 2711 224 2770 alta
238 2711 318 2770 sedet
333 2709 460 2780 summis,
477 2722 661 2801 spectatque
658 2707 787 2768 interrita
802 2728 920 2785 pugnas.

168 2806 257 2869 utque
271 2790 373 2868 procul
388 2788 507 2848 medio
499 2808 638 2847 iuvenum
653 2787 684 2847 in
699 2789 825 2850 clamore
840 2789 989 2851 furentum

167 2872 311 2964 prospexit
326 2870 399 2930 tristi
413 2869 569 2928 mulcatam
585 2885 677 2928 morte
692 2868 859 2942 Camillam,

168 2951 366 3029 ingemuitque
380 2950 519 3028 deditque
533 2949 606 3008 has
599 2971 657 3009 nno
671 2965 789 3028 pectore
804 2970 909 3009 voces:
990 2967 1028 3019 840

149 3031 268 3089 ‘heu
240 3031 373 3104 nimium,
387 3031 477 3106 virgo,
491 3029 615 3089 nimium
633 3029 752 3089 crudele
766 3030 845 3088 luisti

167 3112 353 3189 supplicium,
368 3113 499 3170 Teucros
514 3125 616 3170 conata
628 3111 766 3170 lacessere
781 3110 877 3171 bello
870 3111 877 3154 ¹

168 3211 222 3251 nec
238 3191 291 3250 tibi
306 3191 453 3252 desertae
445 3213 475 3250 ιιι
491 3190 585 3250 dumis
600 3191 721 3249 coluisse
735 3191 859 3251 Dianam

166 3271 286 3351 profuit,
301 3286 350 3330 aut
364 3287 473 3331 nostras
487 3291 586 3330 umero
599 3271 714 3348 gessisse
729 3273 883 3350 pharetras.

169 3373 228 3412 non
243 3368 341 3412 tamen
355 3351 521 3411 indecorem
535 3368 584 3411 tua
598 3367 626 3411 te
640 3352 737 3430 regina
750 3353 868 3432 reliquit

234 3446 280 3494 826
298 3446 357 3495 urbi.
427 3445 474 3508 830
492 3445 631 3508 relinquunt.
698 3444 746 3508 844
761 3447 862 3508 sagittas.
