2556 4116
248 368 279 416 ⁶2

520 367 548 416 P.
565 366 710 414 VERGILI
727 366 887 414 MARONIS

287 513 355 553 cum
370 492 492 569 graviter
506 493 595 553 tunsis
610 493 699 570 gemit
714 514 776 552 area
790 493 927 569 frugibus,
941 509 971 554 et
985 515 1053 554 curn

286 591 450 651 surgentem
465 574 501 633 ad
515 575 685 653 Zephyrum
699 575 798 653 paleae
812 575 955 634 iactantur
968 575 1076 636 inanes.

285 659 341 715 hoc
356 656 478 728 faciunt,
495 655 586 714 nimio
599 675 637 714 nc
652 641 723 715 luxti
739 655 887 714 obtunsior
901 677 966 716 usus

286 737 321 797 sit
335 736 459 813 genitali
470 757 536 795 arvo
546 731 581 795 ‘et
595 737 687 795 sulcos
702 726 823 795 oblimet
836 735 950 811 inertes,

286 818 335 877 sed
349 816 438 896 rapiat
453 817 551 876 sitiens
566 818 714 879 Venerem
729 817 905 897 interiusque
920 819 1066 880 recondat.

325 919 423 958 rursus
437 918 505 956 cura
518 913 632 976 patrum
648 898 751 956 cadere
766 914 796 956 et
810 899 964 958 succedere
979 916 1104 958 matrum

284 979 399 1057 incipit.
442 979 548 1038 exactis
563 978 693 1055 gravidae
710 999 778 1037 cum
792 979 936 1038 mensibus
951 996 1054 1051 errant,

284 1080 344 1119 non
359 1059 421 1118 illas
435 1059 566 1135 gravibus
582 1060 733 1138 quisquam
748 1059 813 1136 iuga
827 1060 932 1118 ducere
945 1061 1086 1138 plaustris,
1120 1095 1160 1132 140

284 1161 343 1199 non
358 1141 433 1200 saltu
447 1160 578 1217 superare
594 1141 670 1200 viam
687 1141 722 1199 sit
735 1161 831 1218 passus
846 1157 875 1199 et
889 1141 947 1199 acri

284 1241 399 1298 carpere
414 1236 494 1298 prata
509 1221 576 1297 luga
591 1221 751 1300 fluviosque
766 1221 866 1280 innare
880 1242 1004 1299 rapaces.

283 1302 401 1360 saltibus
415 1301 447 1360 in
461 1301 557 1360 vacuis
574 1317 699 1379 pascunt
713 1318 742 1361 et
756 1303 843 1380 plena
859 1302 1019 1362 secundum

283 1382 412 1453 flumina,
428 1402 543 1440 muscus
559 1383 608 1441 ubi
626 1397 654 1442 et
669 1383 839 1442 viridissima
853 1384 981 1459 gramine
997 1385 1067 1462 ripa,

282 1463 495 1540 speluncaeque
510 1477 609 1539 tegant
625 1480 654 1522 et
671 1484 752 1522 saxea
766 1465 907 1542 procubet
922 1465 1032 1525 umbra.

196 1569 199 1574 ·
283 1559 325 1602 est
340 1544 420 1602 lucos
435 1543 520 1601 Silari
536 1544 613 1602 circa
629 1543 801 1624 ilicibusque
815 1545 958 1604 virentem

282 1623 422 1702 plurimus
437 1623 604 1683 Alburnum
620 1624 752 1696 volitans,
768 1625 815 1684 cui
830 1646 937 1685 nomen
952 1626 1022 1685 asilo

282 1705 448 1766 Romanurn
462 1721 515 1776 est,
529 1720 655 1764 oestrum
671 1705 741 1764 Grai
756 1721 865 1766 vertere
879 1723 1023 1779 vocantes,

282 1807 370 1864 asper,
385 1787 488 1845 acerba
503 1807 614 1858 sonans,
630 1808 690 1866 quo
704 1803 764 1846 tota
777 1788 911 1847 exterrita
925 1787 1002 1846 silvis

281 1867 439 1944 diffugiunt
453 1884 582 1926 armenta
595 1894 605 1939 3
628 1868 697 1928 furit
711 1868 867 1944 mugitibus
882 1870 979 1928 aether
1116 1898 1153 1937 150

282 1968 436 2007 concussus
452 1948 595 2026 silvaeque
612 1965 641 2008 et
657 1949 726 2008 sicci
741 1949 803 2027 ripa
816 1950 954 2026 Tanagri.

281 2030 337 2087 hoc
352 2028 497 2107 quondam
512 2022 640 2088 rrionstro
656 2031 808 2089 horribiles
821 2031 953 2092 exercuit
967 2030 1020 2090 iras

281 2108 418 2167 Inachiae
433 2109 510 2167 Iuno
525 2126 635 2187 pestem
652 2111 789 2170 meditata
802 2111 955 2172 iuvencae.

280 2191 360 2250 hunc
376 2191 499 2267 quoque,
516 2211 583 2249 nam
599 2191 702 2251 mediis
718 2192 876 2252 fervoribus
891 2193 982 2253 acrior
995 2192 1090 2265 instat,

280 2270 389 2330 arcebis
403 2270 519 2346 gravido
534 2272 643 2350 pecori,
661 2289 846 2351 armentaque
861 2294 957 2352 pasces

280 2352 341 2411 sole
355 2372 456 2411 recens
470 2367 533 2412 orto
548 2370 597 2412 aut
613 2369 729 2412 noctem
744 2353 918 2412 ducentibus
933 2354 1022 2413 astris.

320 2449 384 2510 post
398 2449 511 2510 parturn
527 2454 595 2514 cura
610 2433 642 2492 in
658 2434 762 2492 vitulos
777 2432 935 2492 traducitur
949 2433 1051 2503 omnis,

280 2514 478 2593 continuoque
494 2529 575 2573 notas
591 2529 621 2574 et
637 2513 754 2572 nomina
767 2512 861 2588 gentis
875 2513 1005 2585 inurunt,

280 2608 310 2652 et
324 2615 394 2673 quos
409 2609 458 2654 aut
471 2595 569 2672 pecori
585 2594 689 2653 malint
704 2593 872 2653 submittere
886 2595 1020 2653 habendo

280 2689 330 2732 aut
344 2675 398 2733 aris
413 2696 523 2734 servare
539 2696 629 2734 sacros
644 2690 693 2733 aut
708 2674 838 2733 scindere
853 2690 956 2734 terram
1114 2695 1150 2736 160

281 2771 309 2814 et
324 2775 459 2834 campum
473 2759 640 2815 horrentem
655 2755 754 2815 fractis
768 2756 910 2815 invertere
924 2757 1040 2832 glaebis.

280 2851 376 2910 cetera
390 2853 547 2914 pascuntur
561 2836 664 2896 virides
679 2851 807 2895 armenta
820 2858 872 2915 per
886 2838 998 2896 herbas.

280 2931 312 2974 tu
326 2937 397 2995 quos
413 2919 449 2976 ad
463 2919 591 2978 studium
606 2934 692 2999 atque
708 2938 791 2977 usum
807 2917 941 2977 formabis
956 2933 1106 2994 agrestem,
1176 2950 1179 2966 ‹

279 2995 337 3055 iam
351 2997 457 3056 vitulos
472 3000 586 3058 hortare
602 2998 736 3078 viamque
750 2999 849 3058 insiste
863 2998 1008 3069 domandi,

279 3076 351 3136 dum
365 3078 465 3136 faciles
481 3080 570 3139 animi
586 3079 734 3151 iuvenum,
750 3081 821 3140 dum
835 3081 950 3140 mobilis
965 3096 1049 3140 aetas.

280 3178 313 3216 ac
329 3158 455 3236 primum
471 3160 547 3218 laxos
564 3162 645 3219 terrui
661 3162 696 3219 d'e
710 3161 821 3220 vimine
835 3161 940 3220 circlos

280 3238 387 3297 cervici
403 3239 540 3299 subnecte
553 3265 563 3311 ;
584 3242 703 3313 dehinc,
717 3242 767 3300 ubi
782 3243 872 3300 libera
886 3242 962 3301 colla

280 3319 395 3379 servitio
411 3319 566 3391 adsuerint,
582 3321 649 3398 ipsis
664 3343 681 3381 e
696 3323 845 3400 torquibus
860 3339 938 3401 aptos

361 3427 408 3476 ¹44
423 3413 528 3475 namins
539 3413 608 3476 ripae.
678 3415 721 3476 163
740 3415 823 3466 studia.
891 3416 937 3465 166
952 3415 1032 3465 circos.
