2556 4116
395 383 597 432 euonoicon
614 384 678 432 uns.
696 386 735 433 111
986 389 1016 452 ⁶3

148 514 235 590 iunge
249 533 331 590 pares
346 527 374 570 et
390 532 459 588 coge
473 513 590 588 gradum
605 514 736 572 conferre
751 513 910 588 iuvencos;

149 611 233 673 atque
248 594 307 651 illis
322 593 381 651 iam
396 613 479 670 saepe
494 609 573 652 rotae
587 594 731 652 ducantur
745 595 845 655 inanes
983 630 1020 668 170

148 697 199 755 per
213 690 317 733 terram
333 689 362 732 et
377 694 491 732 summo
505 675 624 750 vestigia
638 676 757 752 pulvere
772 677 908 752 signent;

148 772 211 835 post
225 755 322 813 valido
336 755 433 813 nitens
448 755 500 813 sub
514 755 641 832 pondere
658 756 768 832 faginus
783 758 843 816 axis

148 839 287 916 instrepat
301 852 331 895 et
345 836 460 895 iunctos
476 851 554 895 temo
569 839 662 895 trahat
676 858 773 896 aereus
787 840 880 899 orbes.

148 919 258 977 interea
271 917 342 994 pubi
357 917 515 976 indomitae
530 938 590 975 non
605 919 732 993 gramina
747 935 859 979 tantum

148 1020 203 1058 nec
218 1018 315 1057 vescas
330 998 451 1057 salicum
466 999 581 1057 frondes
597 1000 751 1078 ulvamque
764 1002 928 1078 palustrem,

149 1081 197 1138 sed
211 1081 357 1138 frumenta
371 1099 458 1137 manu
474 1099 570 1157 carpes
585 1095 663 1148 sata3
685 1101 740 1139 nee
755 1081 808 1140 tibi
823 1081 900 1142 fetae

148 1179 227 1219 more
241 1176 356 1238 patrum
371 1160 459 1234 nivea,
471 1160 628 1237 inplebunt
642 1162 810 1220 mulctraria
823 1183 939 1236 vaccae,

149 1242 197 1301 sed
211 1256 271 1299 tota
285 1241 317 1298 in
332 1241 431 1299 dulces
446 1257 620 1300 consument
635 1243 722 1300 ubera
736 1259 827 1303 natos.

188 1322 232 1380 sin
247 1321 283 1380 ad
296 1322 373 1379 bella
388 1321 477 1397 magis
491 1322 620 1380 studium
636 1338 799 1402 turmasque
813 1325 935 1397 feroces,

149 1419 197 1462 aut
210 1403 325 1480 Alphea
338 1402 407 1460 rotis
421 1403 548 1481 praelabi
563 1403 684 1462 flumina
700 1404 781 1463 Pisae
981 1425 1019 1465 180

149 1501 177 1543 et
192 1484 268 1542 Iovis
283 1483 314 1542 in
329 1484 397 1541 luco
412 1504 510 1542 currus
525 1484 630 1559 agitare
645 1485 784 1560 volantes,

147 1565 257 1643 primus
271 1564 338 1643 equi
353 1564 434 1622 labor
448 1581 490 1624 est
506 1565 615 1624 animos
630 1580 715 1644 atque
731 1588 808 1627 arma
821 1568 918 1628 videre

148 1646 308 1704 bellantum
323 1645 466 1723 lituosque
480 1646 540 1725 pati
556 1662 706 1725 tractuque
721 1663 886 1724 gementem

148 1727 222 1785 ferre
236 1742 329 1785 rotam
343 1742 373 1784 et
387 1727 500 1785 stabulo
515 1727 610 1785 frenos
626 1728 723 1786 audire
738 1745 872 1788 sonantes
885 1755 894 1800 ;

149 1823 211 1866 tum
225 1807 313 1882 magis
328 1822 413 1886 atque
428 1807 516 1883 magis
532 1807 643 1866 blandis
658 1809 781 1884 gaudere
796 1809 920 1886 magistri

147 1889 279 1948 laudibus
294 1904 322 1946 et
336 1889 450 1966 plausae
466 1888 594 1946 sonitum
608 1889 727 1947 cervicis
742 1910 845 1949 amare.

148 1985 233 2048 atque
247 1972 317 2028 haec
333 1969 391 2027 iarn
405 1969 498 2047 primo
509 1969 644 2047 depulsus
659 1971 694 2028 ab
709 1972 796 2029 ubere
811 1971 908 2030 matris

148 2050 258 2122 audeat,
273 2049 364 2128 inque
378 2049 475 2108 vicem
490 2051 541 2108 det
555 2051 692 2110 mollibus
706 2072 754 2110 ora
769 2052 898 2131 capistris

147 2131 290 2190 invalidus
305 2131 450 2209 etiamque
466 2146 602 2200 tremens,
618 2131 706 2190 etiam
721 2132 828 2192 inscius
843 2133 913 2192 aevi.

147 2227 176 2270 at
189 2212 278 2270 tribus
294 2212 401 2270 exactis
418 2211 467 2272 ubi
484 2227 583 2290 quarta
598 2214 751 2271 accesserit
765 2230 862 2285 aestas,
979 2243 1017 2283 προ

147 2313 262 2370 carpere
276 2313 345 2350 mor
359 2313 463 2368 gyrum
478 2292 602 2369 incipiat
616 2293 805 2371 gradibusque
820 2315 918 2354 sonare

147 2374 312 2451 compositis
327 2374 480 2450 sinuetque
497 2374 609 2431 alterna
623 2373 772 2432 volumina
787 2394 912 2445 crurum,

147 2455 240 2533 sitque
256 2455 395 2512 laboranti
411 2454 511 2512 similis
524 2479 533 2524 ;
556 2469 619 2512 tum
633 2455 762 2512 cursibus
777 2476 864 2526 auras,

147 2551 209 2594 tum
223 2551 317 2608 vocet,
333 2555 366 2594 ac
381 2555 433 2613 per
448 2551 550 2612 aperta
560 2536 660 2594 volans
675 2535 728 2594 ce'u
744 2535 816 2594 liber
830 2533 949 2594 habenis

148 2637 270 2696 aequora
283 2616 332 2675 vix
347 2636 459 2674 summa
474 2617 593 2692 vestigia
607 2632 695 2694 ponat
709 2619 815 2675 harena
827 2641 837 2684 ;

147 2698 239 2776 qualis
255 2696 450 2775 Hyperboreis
463 2698 573 2775 Aquilo
588 2718 656 2757 cum
670 2698 774 2756 densus
789 2698 824 2756 ab
838 2697 893 2755 oris

146 2778 289 2849 incubuit,
307 2778 497 2855 Scythiaeque
513 2778 623 2836 hiemes
639 2795 725 2858 atque
740 2779 816 2838 arida
830 2779 928 2838 differt

147 2860 268 2918 nubila:
290 2875 353 2918 tum
368 2874 476 2934 segetes
493 2859 566 2918 altae
583 2860 735 2938 campique
750 2875 879 2918 natantes

147 2940 262 2999 lenibus
277 2941 449 2998 horrescunt
464 2939 571 3011 flabris,
587 2961 773 3018 summaeque
788 2960 920 3001 sonorem

146 3022 216 3080 dant
230 3021 328 3093 silvae,
343 3021 480 3098 longique
496 3036 620 3097 urguent
634 3022 670 3080 ad
684 3022 768 3080 litora
782 3021 887 3081 fluctus
900 3047 910 3093 3
978 3051 1016 3080 200

147 3102 197 3160 ille
212 3104 291 3160 volat
305 3102 390 3160 simul
405 3122 470 3160 arva
485 3102 561 3177 fuga,
578 3103 662 3160 simul
678 3123 800 3181 aequora
813 3123 936 3163 verrens·

147 3183 195 3241 hic
209 3183 256 3241 vel
271 3183 311 3240 ad
322 3181 386 3240 Elei
401 3197 491 3241 metas
509 3199 537 3241 et
553 3183 679 3242 maxima
694 3184 788 3261 campi

148 3263 261 3322 sudabit
275 3264 364 3340 spatia
380 3279 408 3321 et
423 3284 536 3340 spumas
552 3280 616 3340 aget
631 3285 679 3323 ore
694 3280 835 3338 cruentas,

148 3344 267 3420 Belgica
280 3345 326 3402 vel
342 3343 424 3402 molli
438 3344 541 3402 melius
557 3346 631 3405 feret
646 3347 743 3405 esseda
758 3348 844 3407 collo.

159 3437 202 3486 188
221 3438 307 3488 audiat.
376 3453 421 3500 ¹90
439 3439 555 3499 acceperit.
622 3454 668 3488 202
683 3439 746 3491 binc.
813 3453 861 3500 204
878 3438 965 3486 bellica.
