2558 4112
384 933 414 987 P.
432 933 587 987 VERGILI
605 933 780 988 MARONIS

326 1058 511 1138 AEN
538 1059 575 1138 Ε
605 1058 624 1138 Ι
659 1059 700 1138 D
734 1059 773 1138 O
807 1061 831 1140 S

425 1247 550 1306 amna
572 1246 731 1306 inritus

168 1409 261 1468 Anus
276 1407 426 1485 virumque
441 1427 522 1479 cano,
539 1406 645 1464 Troiae
661 1407 709 1486 qui
727 1408 835 1485 primus
850 1410 885 1469 ab
899 1409 954 1469 oris

169 1489 284 1548 Italiam
298 1489 357 1547 fato
372 1488 506 1566 profugus
521 1488 690 1568 Lavinaque
704 1490 785 1548 venit

169 1569 260 1640 litora,
276 1570 402 1628 multum
417 1569 466 1627 ille
482 1585 510 1627 et
525 1571 605 1628 terris
621 1571 739 1628 iactatus
754 1588 783 1628 et
798 1572 856 1629 alto

169 1651 198 1709 vi
213 1670 356 1728 superum,
372 1670 470 1708 saevae
484 1670 643 1710 memorem
658 1651 779 1710 Iunonis
793 1653 830 1710 ob
846 1651 925 1723 iram,

169 1732 261 1790 multa
274 1751 389 1810 quoque
404 1747 432 1789 et
447 1731 525 1788 bello
539 1752 642 1808 passus,
658 1731 728 1789 dum
742 1733 880 1790 conderet
896 1734 996 1792 urbem

169 1812 345 1890 inferretque
360 1811 426 1870 deos
442 1811 536 1883 Latio,
551 1832 640 1887 genus
656 1812 733 1869 unde
749 1811 887 1870 Latinum

168 1891 334 1971 Albanique
348 1908 439 1970 patres
455 1908 539 1970 atque
555 1893 628 1951 altae
644 1892 758 1950 moenia
773 1893 891 1951 Rornae.

211 1975 307 2044 Musa,
321 1973 393 2031 mihi
408 1993 502 2031 causas
521 1993 655 2044 memora,
672 1994 730 2051 quo
745 1974 865 2033 numine
881 1975 956 2033 laeso

170 2055 275 2132 quidve
289 2055 389 2112 dolens
404 2054 501 2129 regina
516 2053 603 2112 deum
619 2067 662 2112 tot
677 2055 792 2113 volvere
807 2076 886 2114 casus

171 2135 311 2211 insignem
325 2135 431 2212 pietate
446 2135 549 2205 virum,
567 2150 609 2193 tot
625 2135 702 2193 adire
717 2136 826 2195 labores
1014 2165 1039 2194 ιο

169 2216 317 2294 inpulerit.
359 2231 492 2274 tantaene
508 2215 610 2273 animis
626 2216 794 2275 caelestibus
809 2218 887 2276 irae?

211 2337 276 2396 urbs
291 2337 407 2416 antiqua
422 2335 606 2413 fuit-Tyrii
622 2350 742 2394 tenuere
757 2336 895 2394 coloni—

171 2418 324 2495 Karthago,
340 2417 453 2477 Italiam
469 2433 569 2476 contra
585 2415 783 2495 Tiberinaque
798 2417 881 2491 longe

170 2500 248 2571 ostia,
264 2501 343 2558 dives
356 2519 445 2577 opum
460 2497 617 2576 studiisque
633 2497 784 2575 asperrima
798 2497 868 2555 belli
883 2522 892 2567 ς

169 2601 255 2661 quam
270 2582 345 2639 luno
359 2582 449 2640 fertur
464 2579 543 2640 terris
560 2579 647 2653 magis
663 2577 797 2636 omnibus
812 2598 898 2636 unam

169 2662 329 2740 posthabita
343 2661 463 2720 coluisse
480 2662 564 2719 Samo
582 2682 588 2718 :
609 2659 657 2717 hic
674 2659 751 2717 illius
765 2679 849 2729 arma,

169 2742 217 2801 hie
232 2763 330 2801 currus
345 2743 401 2802 fuit
415 2767 425 2812 3
445 2743 500 2800 hoc
517 2760 639 2815 regnum
655 2740 707 2798 dea
720 2740 852 2814 gentibus
867 2759 936 2810 esse,

170 2824 192 2881 si
207 2845 264 2903 qus
277 2824 334 2882 fata
348 2823 453 2894 sinant,
467 2822 524 2880 iam
539 2836 601 2879 tum
619 2820 769 2900 tenditque
784 2820 929 2898 fovetque.

170 2904 337 2982 progeniem
351 2903 401 2962 sed
415 2903 494 2962 enim
509 2902 639 2960 Troiano
654 2922 670 2959 a
685 2901 821 2976 sanguine
836 2901 903 2960 duci

172 3025 194 3060 1.
212 3014 275 3060 Suet.
293 3013 345 3060 Vit.
357 3015 428 3072 Verg,
442 3026 482 3072 42.
519 3009 590 3057 Nisus
609 3011 774 3072 grammaticus
792 3009 880 3056 audisse
896 3009 1037 3060 se...aiebat

128 3076 230 3126 verium
242 3076 311 3139 primi
323 3077 374 3124 libri
386 3077 508 3124 correxisse
521 3074 659 3139 principium
672 3075 709 3123 his
722 3075 821 3122 versibus
834 3075 932 3138 demptis

293 3153 333 3200 ille
344 3169 392 3213 ego,
404 3154 442 3216 qui
454 3155 570 3216 quondam
582 3153 660 3211 gracili
672 3155 805 3200 modulatus
817 3169 889 3200 avena

293 3233 395 3276 carmen,
406 3225 429 3264 et
440 3234 540 3278 egressus
552 3215 615 3265 silvis
628 3217 704 3264 vicina
716 3218 779 3278 coegi

293 3291 320 3330 ut
331 3281 435 3344 quamvis
448 3283 515 3330 avido
526 3290 631 3345 parerent
642 3298 696 3329 arva
708 3285 799 3342 colono,

293 3354 385 3408 gratum
396 3362 453 3408 opus
465 3347 568 3407 agricolis
578 3363 586 3407 ς
602 3355 626 3394 at
638 3363 702 3394 nunc
713 3346 831 3396 horrentia
844 3347 929 3394 Martis
