2568 4114
262 361 306 410 18⁶
534 361 562 410 P.
579 359 723 410 VERGILI
740 359 896 409 MARONIS

298 492 383 565 dixit,
399 511 525 570 eumque
539 491 604 551 imis
619 491 672 550 sub
686 490 823 550 fluctibus
837 491 930 550 audiit
944 492 1039 552 omnis

299 572 462 632 Nereidum
478 572 643 650 Phorcique
657 573 770 644 chorus,
787 573 980 651 Panopeaque
994 574 1094 651 virgo;
1129 605 1169 643 240

299 669 328 712 et
342 669 425 732 pater
438 653 499 732 ipse
513 672 602 712 manu
617 673 721 729 magna
737 653 882 712 Portunus
897 668 1017 714 euntem

297 734 425 813 inpulit:
446 733 497 792 illa
512 734 594 792 Noto
608 733 694 793 citius
708 733 879 813 volucrique
893 734 995 810 sagitta

298 815 334 874 ad
348 831 454 874 terram
468 814 553 890 fugit,
569 829 599 874 et
612 829 699 893 portu
714 834 744 872 se
759 813 892 874 condidit
906 815 975 876 alto.

298 912 361 956 tum
375 910 452 955 satus
466 895 604 967 Anchisa,
619 894 734 955 cunctis
749 915 785 953 ex
800 915 880 955 more
894 895 1011 969 vocatis,

296 977 437 1036 victorem
451 996 555 1052 magna
569 974 721 1054 praeconis
735 995 807 1034 voce
822 975 1003 1036 Cloanthum

297 1057 434 1129 declarat,
449 1056 593 1136 viridique
608 1056 724 1116 advelat
739 1070 869 1134 tempora
884 1057 984 1127 lauro;

297 1158 476 1218 muneraque
491 1137 523 1196 in
539 1157 626 1196 naves
642 1153 739 1196 ternos
754 1152 854 1215 optare
868 1137 1006 1196 iuvencos

296 1219 422 1297 vinaque
437 1234 466 1277 et
481 1219 593 1295 argenti
608 1238 746 1295 magnum
760 1219 811 1278 dat
825 1218 900 1276 ferre
915 1218 1068 1278 talentum.

296 1299 365 1378 ipsis
378 1299 549 1378 praecipuos
564 1299 734 1358 ductoribus
748 1298 830 1358 addit
843 1299 985 1358 honores:
1042 1321 1048 1326 ·

295 1380 399 1439 victori
411 1381 594 1456 chlamydem
607 1394 745 1451 auratam,
758 1378 980 1457 quamplurima
991 1380 1101 1439 circum
1126 1406 1163 1446 250

296 1481 423 1539 purpura
438 1461 603 1519 Maeandro
618 1459 729 1538 duplici
745 1459 895 1518 Meliboea
908 1459 1056 1530 cucurrit3

296 1542 484 1620 intextusque
498 1561 571 1619 puer
585 1541 722 1600 frondosa
736 1540 829 1616 regius
844 1540 897 1599 Ida

295 1623 410 1681 veloces
424 1621 519 1681 iaculo
534 1641 633 1680 ceruos
648 1641 792 1700 cursuque
806 1621 908 1697 fatigat

296 1723 371 1776 acer,
386 1701 535 1762 anhelanti
551 1700 663 1774 similis,
678 1721 766 1780 quem
781 1723 900 1781 praepes
915 1703 951 1761 ab
965 1702 1017 1762 Ida

296 1784 451 1844 sublimem
464 1783 587 1862 pedibus
602 1782 698 1860 rapuit
712 1782 789 1842 Iovis
804 1783 926 1858 armiger
941 1781 1033 1843 uncis.

296 1864 427 1941 longaevi
443 1866 551 1944 palmas
566 1863 745 1942 nequiquam
760 1864 796 1923 ad
810 1863 903 1924 sidera
918 1863 1045 1923 tendunt

296 1946 439 2038 custodes,
454 1945 603 2023 saevitque
619 1965 726 2004 canum
740 1943 884 2005 latratus'
876 1966 908 2003 tn
923 1964 1013 2004 auras.

296 2041 325 2085 at
339 2047 390 2104 qur
382 2025 513 2084 'deinde
527 2026 626 2084 locum
641 2024 739 2084 tenuit
752 2025 860 2086 virtute
875 2025 1046 2096 secundum,

249 2137 254 2148 ·
295 2106 407 2165 levibus
421 2105 491 2165 huic
505 2105 598 2164 hamis
614 2123 778 2165 consertam
792 2126 920 2185 auroque
935 2105 1061 2166 trilicem
1123 2166 1127 2174 s

295 2186 425 2258 loricam,
440 2206 527 2265 quam
542 2185 687 2246 Demoleo
702 2187 865 2246 detraxerat
879 2187 941 2264 ipse
1125 2203 1160 2244 sss

295 2266 389 2326 victor
402 2267 480 2345 apud
494 2267 629 2344 rapidum
645 2266 794 2326 Simoenta
808 2268 862 2326 sub
877 2267 933 2326 Ilio
947 2267 1016 2339 alto,

295 2350 385 2407 donat
398 2348 506 2406 habere
519 2347 591 2420 viro,
607 2349 695 2406 decus
711 2362 741 2406 et
751 2359 888 2406 tutamen
903 2347 935 2406 in
949 2347 1044 2407 armis.

294 2429 343 2488 vix
358 2429 439 2488 illam
453 2428 556 2487 famuli
573 2429 703 2505 Phegeus
719 2428 887 2507 Sagarisque
901 2428 1035 2487 ferebant

295 2510 499 2589 multiplicem,
514 2509 614 2568 conixi
629 2508 756 2580 umeris;
776 2508 897 2568 indutus
911 2524 941 2568 at
955 2508 1026 2568 olim

294 2591 451 2650 Demoleos
465 2610 551 2649 cursu
566 2590 697 2668 palantes
712 2589 807 2650 Troas
821 2591 932 2666 agebat.

295 2671 379 2730 tertia
394 2673 472 2731 dona
486 2671 557 2730 facit
571 2670 701 2747 geminos
716 2689 752 2730 ex
767 2691 832 2730 aere
846 2671 965 2744 lebetas,

294 2753 467 2844 cymbiaque
481 2766 602 2828 argento
616 2753 747 2830 perfecta
762 2767 849 2830 atque
864 2771 962 2830 aspera
977 2749 1075 2827 signis.

294 2832 411 2926 iamque
425 2833 498 2892 adeo
511 2832 612 2892 donati
627 2852 729 2892 omnes
742 2832 904 2924 opibusque
919 2830 1035 2910 superbi

294 2913 426 2990 puniceis
440 2913 523 2972 ibant
537 2913 647 2972 evincti
662 2928 793 2992 tempora
808 2913 918 2972 taenis:

294 3013 361 3085 cum
376 3015 460 3053 saevo
475 3014 491 3052 e
482 2994 626 3087 'scopulo
640 2993 775 3053 multa
747 3014 796 3052 mx
811 3008 871 3052 arte
886 2991 1026 3063 revulsus,
1124 3018 1160 3058 ars

295 3072 403 3131 amissis
417 3074 513 3148 remis,
529 3089 617 3154 atque
631 3074 734 3134 ordine
749 3073 853 3135 debilis
869 3094 938 3146 uno,

294 3153 413 3211 inrisam
428 3154 490 3212 sine
505 3157 616 3213 honore
630 3169 723 3214 ratem
738 3155 886 3230 Sergestus
900 3155 1012 3230 agebat.

294 3233 387 3313 qualis
402 3253 486 3311 saepe
500 3235 565 3294 viae
579 3235 760 3313 deprensus
752 3255 783 3294 1n
799 3255 900 3328 aggere
914 3254 1057 3327 serpens,

294 3334 377 3372 aerea
391 3333 480 3392 quem
494 3314 648 3394 obliquum
662 3333 725 3376 rota
739 3315 863 3388 transiit,
878 3331 928 3376 aut
942 3314 1034 3392 gravis
1048 3313 1110 3374 ictu

629 3422 677 3470 274
694 3409 785 3458 transit
