2562 4114
202 435 206 445 Ι
279 361 327 424 276
549 360 576 409 r.
594 358 738 408 venons
755 359 913 410 Mauouts

319 490 410 550 saevit
424 489 456 551 in
471 490 604 550 absentes
613 512 623 557 3
644 487 766 549 collecta
781 487 883 564 fatigat
898 488 1004 548 edendi

319 592 355 630 ex
370 571 457 647 longo
471 571 562 630 rabies
577 586 607 629 et
621 569 714 629 siccae
728 569 866 646 sanguine
881 569 995 630 fauces:

318 651 397 710 haud
410 651 493 711 aliter
508 652 620 711 Rutulo
634 671 729 710 muros
745 665 774 709 et
788 666 879 710 castra
894 651 988 710 tuenti
1254 705 1255 708 ,

318 733 472 809 ignescunt
486 732 564 804 irae;
584 730 662 790 duris
677 731 761 790 dolor
774 730 881 790 ossibus
896 732 986 803 ardet,

1254 1859 1255 1886 l

319 835 375 893 qua
390 828 515 906 temptet
529 813 641 884 ratione
657 812 751 871 aditus
766 827 796 870 et
810 833 883 890 quae
898 812 943 870 via
958 813 1070 871 clausos

320 895 447 953 excutiat
462 894 593 952 Teucros
607 892 684 951 vallo
699 907 785 971 atque
801 892 953 951 effundat
944 913 976 952 m
990 899 1127 972 aequum.

319 976 448 1047 classem,
463 994 537 1053 quae
552 973 635 1033 lateri
651 989 810 1032 castrorum
823 973 960 1032 adiuncta
974 973 1093 1046 latebat,

319 1055 467 1132 aggeribus
481 1070 609 1133 saeptam
624 1054 737 1114 circum
751 1070 780 1113 et
794 1053 958 1114 fluvialibus
973 1054 1067 1126 undis,
1162 1084 1186 1122 70
1254 1049 1255 1066 ¹

319 1136 440 1208 invadit,
457 1136 606 1214 sociosque
621 1134 758 1194 incendia
771 1134 867 1213 poscit
881 1149 1009 1208 ovantes,

319 1233 406 1304 atque
421 1236 541 1277 manum
556 1215 628 1295 pinu
644 1215 773 1291 flagranti
789 1215 915 1274 fervidus
929 1215 1034 1308 inplet

319 1314 382 1356 tum
396 1318 464 1356 vero
478 1297 800 1373 incumbunt-urguet
813 1295 989 1390 praesentia
990 1295 1131 1356 Turni-

319 1394 405 1456 atque
420 1378 514 1437 omnis
530 1378 641 1436 facibus
655 1379 747 1456 pubes
762 1377 923 1453 accingitur
936 1377 1015 1436 atris.

319 1459 465 1537 diripuere
480 1459 579 1529 focos3
598 1458 718 1537 piceum
733 1459 789 1517 fert
802 1457 915 1516 fumida
927 1457 1029 1516 lumen

319 1539 402 1598 taeda
417 1554 446 1598 et
461 1539 650 1598 commixtam
665 1539 815 1598 Vulcanus
830 1539 866 1597 ad
881 1554 954 1598 astra
968 1539 1108 1599 favillam.

359 1619 423 1698 quis
437 1620 519 1691 deus,
533 1640 551 1677 o
568 1619 683 1693 Musae,
699 1635 758 1678 tam
773 1640 856 1678 saeva
870 1619 1007 1679 incendia
1022 1619 1148 1678 Teucris

318 1700 442 1760 avertit?
464 1715 560 1759 tantos
574 1700 683 1759 ratibus
698 1699 763 1779 quis
777 1700 891 1778 depulit
905 1700 1004 1777 ignes?

318 1782 417 1841 dicite.
459 1782 552 1860 prisca
567 1781 637 1840 fides
651 1781 738 1854 facto,
754 1781 803 1840 sed
818 1781 894 1839 fama
908 1779 1054 1859 perennis.

319 1877 450 1941 tempore
465 1884 523 1940 quo
537 1862 664 1940 primum
679 1862 802 1940 Phrygia
817 1861 981 1920 formabat
973 1883 1004 1920 ιιι
1020 1862 1074 1920 Ida
1160 1877 1185 1918 so

317 1944 432 2002 Aeneas
447 1944 567 2002 classem
581 1959 611 2002 et
624 1943 719 2036 pelagi
734 1958 832 2022 petere
847 1943 906 2001 alta
919 1943 1047 2020 parabat,
1254 1939 1255 1942 ’

318 2024 378 2101 ipsa
392 2024 480 2082 deum
496 2023 587 2082 fertur
601 2025 735 2100 genetrix
749 2023 923 2102 Berecyntia
938 2043 1076 2100 magnum

317 2104 437 2162 vocibus
452 2104 497 2162 his
512 2105 608 2165 adfata
622 2106 740 2164 Iovem:
763 2105 826 2177 ‘da,
840 2119 918 2176 nate,
933 2103 1056 2182 petenti,

319 2184 396 2262 quod
411 2199 459 2243 tua
475 2205 539 2244 cara
552 2206 656 2280 parens
670 2185 781 2245 domito
796 2201 825 2244 te
840 2183 932 2262 poscit
948 2185 1086 2262 Olympo.

318 2264 418 2342 [pines
434 2265 506 2324 silva
521 2265 604 2340 mihi,
620 2267 727 2325 multos
743 2266 850 2325 dilecta
864 2286 916 2344 per
929 2285 1020 2324 annos
1033 2265 1056 2342 ;]

318 2345 423 2406 lucus
415 2367 446 2404 ιιι
461 2367 526 2406 arce
541 2347 596 2406 fuit
611 2367 733 2426 summa,
748 2366 806 2426 quo
821 2367 898 2406 sacra
914 2346 1057 2416 ferebant,

317 2426 443 2502 nigranti
459 2427 542 2504 picea
558 2407 743 2506 trabibusque
757 2428 896 2486 obscurus
911 2425 1041 2487 acernis.

317 2508 367 2565 has
383 2528 436 2584 ego
450 2507 623 2566 Dardanio
614 2507 725 2582 iuveni,
740 2527 808 2566 cum
822 2506 918 2568 classis
933 2521 1041 2584 egeret,

318 2585 393 2646 laeta
407 2587 494 2658 dedi;
516 2608 595 2646 nunc
611 2587 801 2648 sollicitam
780 2604 866 2647 trmor
881 2588 981 2646 anxius
996 2587 1086 2664 angit.

317 2668 395 2726 solve
410 2684 505 2727 metus
520 2684 606 2747 atque
621 2671 677 2728 boc
692 2668 825 2747 precibus
840 2668 901 2727 sine
916 2688 998 2746 posse
1011 2681 1174 2747 parentem,

317 2769 375 2808 neu
390 2769 474 2808 cursu
490 2765 637 2827 quassatae
652 2751 715 2809 ullo
728 2770 786 2810 neu
802 2749 917 2810 turbine
931 2748 1013 2808 venti
1164 2776 1187 2818 ιι

317 2829 492 2900 vincantur3
513 2829 603 2907 prosit
616 2830 721 2890 nostris
736 2831 766 2889 in
782 2829 929 2890 montibus
944 2829 1039 2888 ortas!

318 2909 393 2968 filius
407 2911 478 2970 huic
494 2926 603 2983 contra,
620 2927 735 2991 torquet
750 2933 799 2990 qur
792 2910 907 2970 'sidera
921 2910 1043 2971 mundi.

299 2995 335 3048 ‘o
349 2992 490 3066 genetrix,
507 3012 565 3069 quo
580 2992 639 3050 fata
654 2997 756 3051 vocas?
776 3008 826 3052 aut
841 2992 912 3071 quid
925 2990 1000 3069 petis
1002 2989 1097 3050 istis?

318 3072 472 3131 mortaline
488 3074 684 3132 manufactae
700 3072 853 3132 inmortale
869 3071 983 3130 carinae

318 3150 359 3210 fas
373 3153 518 3212 habeant?
540 3169 692 3232 certusque
707 3152 819 3212 incerta
833 3151 963 3230 pericula
977 3152 1082 3212 lustret

317 3233 451 3290 Aeneas?
473 3233 520 3292 cui
536 3249 617 3293 tanta
632 3233 687 3292 deo
700 3233 838 3314 permissa
852 3237 997 3313 potestas?
1082 3279 1085 3284 .

318 3312 418 3387 immo,
433 3311 483 3373 ubi
499 3313 657 3373 defunctae
672 3314 761 3374 finem
776 3329 934 3393 portusque
949 3315 1098 3374 tenebunt

607 3411 637 3474 67
655 3429 706 3474 qua
773 3427 801 3476 91
821 3429 858 3464 ne.
