2556 4116
251 379 282 414 22

522 366 549 412 P.
567 364 711 412 VERGILI
729 364 886 413 MARONIS

290 497 340 553 has
353 493 454 552 herbas
469 508 554 572 atque
569 495 641 552 haec
658 493 752 552 Ponto
765 493 837 553 mihi
852 494 927 553 lecta
942 514 1053 554 venena

289 575 350 653 ipse
364 574 444 633 dedit
460 574 568 633 Moeris
580 600 590 646 3
612 589 769 633 nascuntur
782 574 906 652 plurima
922 574 1015 634 Ponto
1027 601 1037 647 ;

289 656 333 714 his
349 674 401 731 ego
415 675 498 733 saepe
513 656 615 733 lupum
630 655 691 714 fieri
707 670 736 714 et
751 675 779 713 se
794 654 917 714 condere
932 655 1009 714 silvis

291 736 431 806 Moerim,
447 756 529 812 saepe
543 737 652 794 animas
667 735 732 794 imis
747 736 843 795 excire
858 736 1016 814 sepulchris

290 833 375 896 atque
390 832 459 875 satas
473 817 529 875 alio
544 816 602 876 vidi
618 815 767 876 traducere
782 836 895 876 messes.
1122 849 1159 877 ιω

330 897 427 956 ducite
461 898 497 956 ab
532 898 602 957 urbe
634 898 762 968 domum,
795 917 859 956 mea
890 897 1025 970 carmina,
1058 899 1157 958 ducite

370 978 530 1057 Daphnim.

288 1060 332 1119 fer
347 1059 468 1131 cineres,
481 1059 634 1138 Amarylli,
649 1061 722 1118 foras
736 1059 853 1138 rivoque
867 1059 970 1118 fluenti

288 1157 423 1219 transque
434 1156 521 1218 caput
531 1142 603 1212 iace,
615 1161 669 1199 nec
682 1141 846 1219 respexeris.
887 1140 930 1198 his
942 1161 995 1217 ego
1006 1140 1157 1219 Daphnim

288 1221 457 1298 adgrediar;
479 1221 553 1279 nihil
567 1222 619 1280 ille
634 1223 709 1291 deos,
725 1221 768 1280 nil
784 1221 910 1280 carmina
924 1237 1014 1282 curat.

329 1302 427 1360 ducite
462 1302 497 1360 ab
533 1301 602 1360 urbe
637 1303 765 1373 domum,
797 1321 861 1360 mea
892 1302 1028 1373 carmina,
1059 1301 1156 1362 ducite

370 1382 531 1460 Daphnim.

289 1463 393 1541 aspice,-
409 1463 547 1542 corripuit
562 1463 690 1522 tremulis
705 1463 804 1522 altaria
817 1463 940 1523 flammis

288 1559 390 1622 sponte
405 1565 463 1615 sua,
478 1545 548 1603 dum
562 1545 636 1603 ferre
650 1564 754 1615 moror,
769 1543 841 1603 cinis
854 1544 924 1623 ipse.
965 1544 1075 1604 bonum
1090 1543 1146 1604 sit!

288 1625 386 1683 nescio
401 1625 470 1703 quid
485 1641 563 1684 certe
577 1640 628 1696 est,
645 1640 673 1684 et
687 1625 787 1701 Hylax
801 1624 832 1683 in
847 1625 948 1684 limine
963 1625 1051 1684 latrat.

288 1705 450 1765 credimus?
471 1727 517 1776 an,
529 1705 579 1784 qui
593 1721 700 1777 amant,
711 1703 829 1786 ipsilsibi
844 1705 954 1764 somnia
968 1705 1100 1781 fingunt?
1119 1735 1156 1776 109

328 1787 446 1865 parcite,
455 1788 491 1846 ab
501 1787 570 1846 urbe
580 1786 668 1858 venit,
679 1786 737 1846 iam
747 1786 1155 1866 parcite,carmina‚Daphnis.

582 2007 754 2068 ECLOGA
776 2007 821 2066 IX

636 2141 764 2190 Moerus

572 2257 686 2306 Lucinas.
720 2257 822 2306 Morus.

330 2359 1155 2454 L.Qrote‚Moeri,pedesran,quoviaducit,inurbem?
1249 2423 1250 2435 χ

330 2441 375 2499 Μ.
397 2462 415 2499 ο
428 2441 589 2518 Lycida,
562 2442 619 2500 vivi
634 2441 828 2520 pervenimus,
842 2439 951 2498 advena
965 2439 1063 2510 nostri,

287 2521 364 2599 quod
378 2541 537 2601 numquam
552 2521 633 2580 veriti
649 2541 754 2588 sumus,
771 2536 803 2578 ut
816 2540 955 2611 possessor
970 2519 1053 2596 agelli

286 2601 395 2660 diceret
409 2603 498 2660 ‘haec
513 2622 577 2660 mea
591 2616 679 2671 sunt;
700 2616 809 2658 veteres
823 2598 941 2676 migrate
957 2599 1073 2660 coloni.'
1123 2659 1140 2682 a

286 2702 366 2740 nunc
381 2681 452 2740 victi
467 2682 569 2753 tristes,
584 2681 720 2761 quoniam
736 2681 792 2738 fors
806 2681 904 2740 omnia
917 2697 1017 2750 versat,

286 2763 337 2820 hos
351 2762 514 2842 illi—quod
528 2783 582 2822 nec
598 2778 688 2821 vertat
702 2761 960 2821 bene-mittimus
973 2763 1089 2822 haedos.

329 2845 365 2902 L.
385 2860 462 2905 certe
474 2844 609 2938 equidem
620 2842 776 2915 audieram,
786 2866 841 2923 qua
856 2864 884 2902 se
896 2843 1053 2903 subducere
1064 2843 1154 2903 colles

286 2923 433 3003 incipiunt
447 2925 609 3004 mollique
601 2944 701 3001 rugum
715 2925 866 2984 demittere
880 2924 967 2996 clivo,

287 3025 377 3084 usque
392 3007 427 3066 ad
441 3027 543 3087 aquam
558 3023 587 3066 et
600 3022 719 3077 veteres,
729 3006 786 3064 iam
800 3005 891 3064 fracta
905 3005 1064 3075 cacumina,
1076 3005 1154 3080 fagos

287 3086 384 3146 omnia
399 3088 572 3148 carminibus
587 3102 712 3147 vestrum
726 3106 846 3145 servasse
862 3086 1029 3146 Menalcan.
1129 3117 1154 3144 10

331 3168 376 3227 Μ.
399 3169 524 3228 audieras
539 3185 567 3228 et
582 3170 657 3227 fama
671 3168 748 3238 fuit;
769 3166 819 3226 sed
833 3166 959 3225 carmina
973 3181 1086 3226 tantum

287 3264 382 3307 nostra
396 3249 502 3321 valent,
517 3250 637 3327 Lycida,
651 3248 730 3309 tela'
722 3263 799 3308 anter
813 3247 929 3317 Martia,
945 3262 1086 3326 quantum

289 3321 433 3388 Chaonias
447 3329 549 3388 dicunt
563 3330 659 3408 aquila
673 3329 808 3388 veniente
822 3328 979 3388 columbas.

573 3429 588 3497 9'
605 3434 712 3484 veteris.
729 3434 826 3496 ..fagi

1241 2819 1243 2888 l

1239 2897 1242 2945 l

1236 2953 1241 3138 t
