2558 4112
212 397 257 444 126
282 405 288 414 '
488 391 516 440 P.
533 389 676 438 VERGILI
694 389 851 438 MARONIS

253 521 394 581 inruimus
409 521 503 579 densis
517 536 545 579 et
560 519 819 579 circumfundimur
833 520 927 592 armis,

254 604 422 682 ignarosque
437 601 494 661 loci
509 602 611 680 passim
627 616 655 660 et
670 601 823 659 formidine
839 617 937 678 captos

254 685 417 743 sternimus.
459 683 580 761 adspirat
593 682 688 762 primo
701 682 817 740 fortuna
831 682 929 740 labori.

255 782 339 845 atque
353 765 402 823 hic
417 783 547 822 successu
563 764 706 822 exsultans
722 762 881 841 animisque
897 761 1055 834 Coroebus,

235 853 272 905 ‘o
287 847 367 917 socii,
381 867 437 925 qua
451 842 560 922 prima,'
575 845 679 923 inquit,
694 844 829 902 ‘fortuna
842 843 939 902 salutis

254 942 392 987 monstrat
407 927 471 996 iter,
486 947 541 1004 qua
562 945 597 984 ue
612 924 737 983 ostendit
752 945 781 982 se
795 922 904 994 dextra,
919 944 1090 1003 sequamur:

254 1024 399 1067 mutemus
413 1007 529 1083 clipeos,
542 947 736 1084 banaumque
751 1004 873 1082 insignia
886 1005 967 1062 nobis

254 1105 393 1167 aptemus.
435 1088 516 1145 dolus
531 1107 567 1144 an
582 1086 679 1158 virtus,
696 1085 758 1165 quis
772 1086 803 1143 in
818 1087 901 1144 hoste
914 1086 1061 1163 requirat?
1089 1117 1128 1157 ³90
1175 1091 1178 1096 '

205 1193 210 1208 ·
254 1191 333 1229 arma
347 1167 457 1227 dabunt
472 1166 545 1245 ipsi.’
587 1168 626 1227 sic
642 1167 717 1226 fatus
731 1167 835 1226 deinde
850 1183 1014 1226 comantem

254 1249 401 1326 Androgei
416 1249 527 1324 galeam
542 1248 686 1328 clipeique
700 1248 812 1324 insigne
826 1247 964 1306 decorum

173 1396 181 1404 ¹
255 1331 396 1401 induitur,
411 1330 550 1408 laterique
564 1329 706 1406 Argivum
721 1329 921 1388 adcommodat
936 1349 1044 1387 ensem.

255 1413 310 1470 hoc
327 1411 467 1487 Rhipeus,
482 1412 536 1468 hoc
552 1410 612 1487 ipse
627 1410 744 1487 Dymas,
759 1410 910 1488 omnisque
924 1409 1057 1468 iuventus

256 1493 330 1550 laeta
342 1489 433 1561 facit3
455 1490 551 1567 spoliis
566 1510 594 1548 se
610 1491 728 1583 quisque
743 1491 908 1549 recentibus
922 1505 1021 1549 mmet.

256 1573 384 1630 vadimus
399 1571 515 1629 inmixti
531 1571 638 1630 Danars
652 1571 729 1629 haud
743 1571 863 1630 numine
878 1587 985 1642 nostro,

256 1654 403 1732 multaque
418 1673 469 1730 per
483 1671 597 1710 caecam
613 1652 755 1728 congressi
769 1652 877 1728 proelia
891 1668 1007 1710 noctem

257 1735 454 1804 conserimus3
476 1733 579 1792 multos
594 1733 729 1793 Danaum
744 1733 922 1792 demittimus
938 1733 1026 1792 Orco.

256 1814 412 1891 diffugiunt
427 1813 475 1874 alii
491 1813 526 1872 ad
540 1834 635 1884 naves,
649 1828 678 1872 et
692 1813 776 1872 litora
790 1833 874 1873 cursu

258 1895 313 1954 lida
327 1911 452 1972 petunt;
472 1915 537 1972 pars
551 1894 702 1970 ingentem
717 1893 871 1953 formidine
886 1895 962 1973 turpi
1089 1923 1129 1961 400

257 1977 399 2036 scandunt
414 1997 506 2034 rursus
522 1995 640 2054 equum,
654 1991 684 2035 et
698 1991 766 2033 nota
780 1975 944 2034 conduntur
958 1975 988 2032 in
1004 1975 1078 2034 alvo.

298 2059 354 2115 heu
370 2056 443 2114 nihil
459 2055 557 2114 invitis
572 2055 613 2114 fas
627 2076 801 2135 quemquam
816 2055 903 2114 lidere
917 2055 1009 2114 divis!

257 2157 326 2196 eece
341 2137 505 2195 trahebatur
519 2135 606 2214 passis
621 2135 761 2195 Priameia
774 2137 854 2212 virgo

207 2295 208 2298 Ἴ
258 2217 385 2277 crinibus
399 2238 415 2275 a
429 2217 539 2295 templo
553 2215 711 2290 Cassandra
725 2216 870 2298 adytisque
886 2216 1051 2288 Minervae,

117 2350 118 2356 ,
259 2299 294 2358 ad
308 2298 420 2356 caelum
435 2297 555 2356 tendens
568 2297 698 2356 ardentia
712 2298 822 2356 lumina
835 2298 949 2369 frustra,

258 2378 377 2450 lumina,
393 2399 460 2438 narn
475 2390 585 2438 teneras
601 2377 736 2438 arcebant
751 2377 867 2438 vincula
881 2381 997 2456 palmas.

258 2480 317 2519 non
333 2459 399 2520 tulit
413 2461 487 2518 hanc
504 2459 630 2538 speciem
644 2459 745 2518 furiata
760 2474 858 2518 mente
873 2459 1031 2530 Coroebus,

258 2558 287 2600 et
302 2561 360 2600 sese
375 2540 504 2600 medium
518 2539 619 2599 iniecit
633 2539 775 2616 periturus
789 2539 820 2598 in
835 2559 945 2615 agmen.

259 2621 461 2714 consequimur
475 2620 574 2680 cuncti
589 2636 618 2678 et
632 2619 724 2678 densis
738 2619 912 2680 incurrimus
925 2621 1020 2683 armis.

258 2703 306 2761 hic
321 2722 447 2781 prunum
462 2723 498 2760 ex
513 2701 570 2760 alto
583 2700 697 2760 delubri
711 2701 840 2760 culmine
855 2701 919 2761 telis
1093 2731 1132 2770 410

259 2799 423 2842 nostrorum
437 2781 597 2853 obruimur,
610 2782 758 2861 oriturque
772 2782 931 2841 miserrima
946 2783 1046 2842 caedes

259 2884 401 2922 armorum
417 2862 489 2923 facie
504 2879 533 2921 et
547 2861 700 2928 Graiarum
714 2883 807 2922 errore
822 2863 962 2922 iubarum.
1009 2929 1012 2938 „

259 2960 322 3002 tum
336 2944 430 3005 Danai
445 2943 554 3020 gemitu
569 2959 597 3001 at
617 2963 653 3002 ue
668 2961 781 3022 ereptae
796 2944 913 3020 virginis
927 2944 968 3002 ira

260 3024 388 3103 undique
403 3023 519 3083 collecti
534 2965 684 3096 invadunt,
699 3025 851 3083 acerrimus
866 3024 951 3096 Aiax,

260 3120 289 3163 et
303 3105 411 3179 gemini
425 3104 553 3176 Atridae,
567 3103 774 3184 Dolopumque
789 3105 932 3164 exercitus
946 3105 1039 3164 omnis
1054 3128 1061 3163 :

260 3183 368 3243 adversi
382 3199 467 3262 rupto
481 3204 535 3243 ceu
550 3185 695 3264 quondam
710 3185 824 3244 turbine
839 3187 918 3245 venti
1034 3191 1036 3196 '

261 3263 431 3342 confligunt,
448 3265 667 3344 Zephyrusque,
682 3265 845 3344 Notusque,
860 3282 889 3326 et
904 3269 994 3324 laetus
1009 3267 1076 3326 Eois

261 3347 354 3406 Eurus
369 3345 470 3423 equis:
491 3345 615 3404 stridunt
630 3345 726 3418 silvae,
741 3345 885 3426 saevitque
899 3347 1018 3406 tridenti

542 3437 587 3501 383
607 3438 807 3489 circumfudimus.
