2562 4114
411 335 577 384 Auuuluos
595 335 657 386 LIB.
675 335 726 384 XII
974 349 1019 400 353

159 466 339 527 vociferans:
361 472 468 537 ‘nunc‚
483 487 501 524 o
516 485 674 543 numquam
688 465 821 525 frustrata
835 481 952 525 vocatus

159 551 238 608 hasta
253 566 342 620 meos,
356 567 435 605 nunc
450 562 565 625 tempus
578 547 658 604 adest
670 571 680 617 ;
701 561 730 604 te
744 547 886 606 maximus
899 549 1001 618 Actor,

160 645 189 687 te
204 626 302 686 Turni
317 648 396 685 nunc
411 628 510 687 dextra
524 627 618 704 gerit;
639 627 674 685 da
689 642 813 686 sternere
828 647 931 706 corpus

160 709 336 786 loricamque
351 728 438 767 manu
452 708 544 766 valida
559 708 680 766 lacerare
694 708 835 766 revulsam

160 788 284 849 semiviri
300 788 418 866 Phrygis
434 803 463 848 et
477 789 593 848 foedare
607 789 638 846 in
653 789 770 867 pulvere
785 789 878 848 crines

159 870 282 929 vibratos
297 869 391 928 calido
406 870 481 928 ferro
495 889 649 948 murraque
664 871 829 928 madentes!
985 901 1022 930 100

159 950 203 1009 his
216 949 309 1026 agitur
323 950 404 1008 furiis
417 976 427 1022 ;
449 966 568 1028 totoque
582 950 707 1008 ardentis
721 951 756 1009 ab
771 971 819 1009 ore

159 1031 302 1090 scintillae
317 1031 457 1090 absistunt
470 1056 479 1102 ;
500 1031 591 1090 oculis
606 1031 694 1090 micat
707 1030 820 1090 acribus
835 1031 917 1108 ignis.

158 1111 285 1186 mugitus
298 1111 389 1170 veluti
405 1131 472 1169 cum
487 1111 579 1189 prima
592 1112 624 1171 in
638 1111 747 1190 proelia
762 1127 858 1170 taurus

158 1191 294 1251 terrificos
310 1191 367 1250 ciet
380 1207 466 1269 atque
480 1192 563 1250 irasci
577 1192 608 1251 in
623 1213 731 1251 cornua
746 1206 880 1271 temptat,

158 1273 263 1330 arboris
278 1272 401 1331 obnixus
417 1288 531 1344 trunco,
545 1289 702 1351 ventosque
716 1271 829 1332 lacessit

158 1352 273 1425 ictibus,
288 1368 338 1412 aut
352 1374 442 1430 sparsa
456 1354 492 1411 ad
507 1372 633 1431 pugnam
646 1352 776 1431 proludit
790 1355 904 1412 harena.

199 1454 253 1492 nec
268 1453 364 1492 minus
379 1449 487 1491 interea
502 1450 638 1492 maternis
653 1455 750 1492 saevus
764 1454 795 1492 rn
809 1454 893 1492 armrs

157 1515 270 1573 Aeneas
285 1514 363 1572 acuit
379 1515 507 1572 Martem
522 1529 551 1572 et
566 1534 595 1572 se
610 1514 727 1572 suscitat
741 1515 790 1585 ira,

157 1595 254 1653 oblato
268 1595 394 1670 gaudens
410 1593 547 1671 componi
561 1594 678 1652 foedere
693 1594 813 1654 bellum.

158 1690 220 1733 tum
235 1675 325 1734 socios
341 1674 499 1767 maestique
514 1689 627 1734 metum
642 1675 749 1734 solatur
763 1675 832 1746 Iuli,
918 1707 919 1712 κ
985 1705 1021 1734 110

157 1755 214 1814 fata
228 1755 346 1825 docens,
361 1754 477 1832 regique
493 1754 574 1813 iubet
587 1775 722 1832 responsa
736 1755 842 1814 Latino

157 1851 234 1895 certa
246 1835 394 1894 referre
368 1854 441 1893 vrros
457 1850 485 1892 et
501 1834 578 1912 pacis
594 1834 688 1894 dicere
703 1835 789 1910 leges.

197 1931 309 1994 postera
323 1914 370 1973 vix
386 1934 512 1973 summos
529 1915 675 1992 spargebat
690 1914 800 1973 lumine
814 1931 928 1974 montes

158 2012 217 2055 orta
232 1995 301 2068 dies,
317 2015 385 2054 cum
400 1994 525 2072 primum
540 1995 599 2052 alto
615 2015 642 2052 se
656 1995 766 2070 gurgite
782 1995 890 2055 tollunt

157 2077 223 2136 solis
239 2077 306 2155 equi
321 2077 478 2153 lucemque
494 2075 575 2133 elatis
591 2076 705 2134 naribus
721 2077 837 2143 efflant3

157 2177 291 2235 campum
305 2157 341 2214 ad
356 2170 502 2214 certamen
518 2175 638 2232 maguae
653 2156 705 2214 sub
719 2157 870 2216 moenibus
886 2158 962 2217 urbis

157 2238 280 2297 dimensi
296 2236 499 2315 Rutulique'
473 2256 526 2294 vrrs
519 2235 711 2315 Teucrique
725 2238 871 2314 parabant,

157 2319 187 2377 in
202 2318 357 2397 medioque
372 2318 451 2375 focos
467 2332 495 2376 et
511 2305 554 2374 dis
570 2317 771 2376 communibus
786 2339 844 2375 aras

157 2399 323 2476 gramineas
365 2397 413 2456 alii
428 2396 624 2475 fontemque
616 2417 772 2477 ignemque
787 2398 929 2470 ferebant,

156 2480 242 2538 velati
257 2479 328 2538 limo
342 2493 371 2537 et
385 2478 507 2537 verbena
524 2493 653 2556 tempora
665 2478 766 2538 vincti.
984 2510 1020 2540 ιω

156 2560 286 2638 procedit
302 2559 376 2635 legio
389 2559 584 2630 Ausonidum,
600 2559 747 2638 pilataque
761 2560 855 2638 plenis

155 2641 269 2716 agmina
284 2661 313 2698 se
327 2641 456 2699 fundunt
470 2641 567 2718 portis.
611 2640 680 2699 hinc
696 2641 804 2714 Troius
819 2642 912 2700 omnis

158 2722 386 2800 Tyrrhenusque
402 2721 460 2780 ruit
474 2721 556 2779 variis
573 2721 716 2780 exercitia
730 2723 825 2793 armis,

156 2802 234 2860 haud
248 2822 328 2860 secus
343 2801 476 2860 instructi
494 2802 579 2873 ferro,
594 2803 679 2880 quam
695 2801 718 2860 si
733 2824 829 2881 aspera
845 2804 949 2864 Martis

155 2903 253 2959 pugna
266 2897 361 2942 vocet.
402 2903 457 2941 nec
473 2902 531 2940 non
547 2883 649 2941 mediis
663 2884 694 2940 in
708 2883 826 2943 milibus
840 2885 894 2963 ipsi

156 2962 290 3022 ductores
304 2984 372 3022 auro
386 2963 508 3022 volitant
523 2977 655 3042 ostroque
670 2965 793 3042 superbi,

157 3058 187 3101 et
201 3063 290 3118 genus
304 3043 431 3103 Assaraci
447 3045 620 3102 Mnestheus
636 3058 664 3103 et
679 3045 760 3103 fortis
773 3047 864 3106 Asilas

157 3139 186 3182 et
202 3125 351 3202 Messapus
366 3145 473 3203 equum
489 3124 622 3218 domitor,
639 3125 790 3218 Neptunia
805 3129 909 3206 proles.

158 3219 247 3281 utque
262 3204 364 3263 dato
343 3225 424 3280 srgno
438 3205 527 3283 spatia
540 3205 572 3262 in
587 3226 635 3264 sua
650 3206 771 3285 quisque
786 3209 910 3282 recessit,

158 3284 287 3361 defigunt
302 3285 405 3344 tellure
419 3287 511 3344 hastas
526 3302 555 3345 et
570 3302 649 3345 scuta
664 3287 815 3348 reclinant.
983 3321 1019 3360 ῳ

283 3393 327 3440 104
345 3387 385 3426 aut
397 3378 469 3428 irasci.
547 3394 591 3428 120
609 3381 780 3430 lino.126
798 3384 879 3434 decori.

545 3465 595 3503 ΖΑ
