2558 4112
232 365 276 412 172
502 345 530 394 P.
547 343 690 392 vsasnr
707 341 865 390 ramosus

271 474 341 532 hinc
357 471 485 532 exaudiri
500 491 584 530 voces
600 485 629 529 et
643 471 729 538 verba
743 469 872 530 vocantis
1100 488 1141 538 4⁶0

271 555 337 613 visa
345 553 409 624 viri,
423 571 483 610 nox
496 573 563 612 curn
578 567 665 610 terras
680 552 799 610 obscura
814 564 949 610 teneret:

247 627 249 631 ⁸
272 636 390 713 solaque
405 632 582 693 culminibus
596 631 679 690 ferali
694 631 822 690 carmine
837 631 915 690 bubo

273 735 357 793 saepe
372 713 462 792 queri,
479 727 508 772 et
522 714 622 788 longas
635 712 667 770 in
681 711 784 770 fletum
799 712 906 770 ducere
919 727 1015 772 voces.

273 796 423 872 multaque
436 808 585 872 praeterea
599 808 698 852 vatum
711 791 860 870 praedicta
873 792 988 870 piorum

272 876 394 935 terribili
409 875 524 934 monitu
538 873 715 932 horrificant.
756 872 815 948 agit
829 873 891 950 ipse
905 873 1053 931 furentem

272 957 304 1016 in
319 955 426 1016 somnis
441 956 518 1014 ferus
531 956 664 1025 Aeneas;
685 973 855 1032 semperque
869 952 994 1031 relinqui

272 1038 332 1096 sola
347 1036 411 1109 sibi,
426 1056 539 1113 semper
553 1036 669 1111 longam
683 1033 855 1093 incomitata
868 1032 983 1092 videtur

272 1118 314 1176 ire
328 1117 414 1189 viam,
430 1131 460 1176 et
475 1115 580 1194 Tyrios
594 1116 705 1174 deserta
720 1135 858 1193 quaerere
873 1129 956 1173 terra.

272 1197 471 1257 Eumenidum
485 1196 577 1255 veluti
592 1195 712 1254 demens
727 1194 808 1254 videt
822 1195 937 1272 agmina
953 1195 1109 1265 Pentheus,

274 1294 304 1337 et
318 1278 408 1337 solem
422 1277 580 1354 geminum,
597 1293 626 1335 et
640 1276 771 1354 duplices
787 1297 817 1335 se
831 1276 984 1334 ostendere
1000 1274 1135 1344 Thebas,

273 1373 324 1417 aut
336 1357 583 1434 Agamemnonius
598 1357 707 1417 scaenis
722 1356 842 1432 agitatus
856 1357 975 1416 Orestes
1100 1383 1135 1423 4⁷1

273 1454 412 1498 armatam
427 1438 538 1497 facibus
553 1453 675 1496 matrem
691 1452 720 1496 et
734 1437 915 1516 serpentibus
929 1435 996 1496 atris

273 1540 341 1578 cum
355 1517 439 1594 fugit,
454 1517 628 1596 ultricesque
644 1518 746 1576 sedent
760 1518 792 1577 in
807 1517 910 1576 limine
923 1517 1022 1576 Dirae.

315 1619 381 1675 ergo
395 1598 445 1658 ubi
459 1598 596 1675 concepit
611 1598 697 1657 furias
712 1597 806 1658 evicta
820 1599 920 1657 dolore

273 1680 461 1758 decrevitque
475 1677 557 1750 mori,
573 1694 687 1756 tempus
702 1699 800 1738 secum
815 1679 877 1756 ipsa
891 1677 1071 1757 modumque

276 1761 373 1838 exigit,
388 1775 418 1820 et
432 1773 570 1820 maestam
585 1759 669 1818 dictis
684 1760 811 1835 adgressa
826 1779 951 1818 sororem

274 1841 428 1902 consilium
442 1841 526 1900 vultu
541 1840 613 1916 tegit
627 1861 660 1899 ac
676 1861 755 1918 spem
770 1841 868 1898 fronte
881 1852 1017 1898 serenat:

255 1922 381 1994 ‘inveni
396 1941 542 1998 germana,
557 1921 785 1997 viam—gratare
800 1919 928 1980 sorori-

274 2001 434 2080 quaemihi
449 2002 552 2060 reddat
567 2021 643 2072 eum,
658 2002 706 2060 vel
722 2022 757 2060 eo
771 2021 819 2060 me
834 2001 926 2060 solvat
940 2013 1097 2060 amantem.

274 2081 387 2142 Oceani
403 2082 493 2142 finem
507 2081 587 2141 iuxta
602 2083 751 2160 solemque
765 2081 920 2142 cadentem
1101 2095 1139 2146 480

273 2163 393 2222 ultimus
405 2161 586 2240 Aethiopum
601 2163 680 2222 locus
696 2178 747 2234 est,
762 2162 811 2222 ubi
825 2162 967 2222 maximus
980 2159 1064 2220 Atlas

274 2263 358 2304 axem
373 2263 473 2303 umero
488 2257 604 2322 torquet
619 2243 709 2302 stellis
723 2242 889 2302 ardentibus
903 2257 1025 2321 aptum:

273 2324 343 2384 hinc
357 2323 429 2384 mihi
445 2323 590 2400 Massylae
603 2323 698 2400 gentis
713 2339 870 2382 monstrata
884 2323 1023 2396 sacerdos,

274 2405 471 2482 Hesperidum
487 2404 590 2482 templi
605 2421 709 2476 custos,
726 2405 883 2483 epulasque
897 2403 1017 2463 draconi

273 2506 347 2564 quae
361 2486 457 2558 dabat,
474 2500 504 2543 et
518 2505 610 2544 sacros
625 2485 755 2542 servabat
770 2483 802 2542 in
817 2484 917 2544 arbore
931 2504 1034 2556 ramos,

273 2586 405 2644 spargens
420 2565 519 2624 umida
533 2565 622 2624 mella
637 2564 887 2644 soporiferumque
900 2585 1033 2642 papaver.

273 2648 346 2706 haec
361 2667 389 2704 se
404 2645 579 2706 carminibus
594 2645 739 2724 promittit
755 2646 865 2704 solvere
879 2660 1001 2716 mentes,

273 2747 343 2804 quas
356 2727 438 2800 velit,
453 2742 496 2788 ast
510 2726 572 2784 aliis
587 2727 671 2786 duras
687 2725 837 2786 inmittere
851 2747 950 2797 curas;

274 2806 372 2866 sistere
387 2805 490 2886 aquam
505 2806 608 2880 fluviis,
625 2824 654 2866 et
668 2821 781 2868 vertere
797 2807 888 2868 sidera
902 2821 998 2878 retr03

275 2903 490 2967 nocturnosque
503 2888 563 2946 ciet
579 2888 704 2960 Manes;
724 2889 836 2965 mugire
850 2887 961 2948 videbis
1103 2911 1141 2952 ⁴90

274 2967 327 3025 sub
340 2968 463 3045 pedibus
476 2983 590 3041 terram,
607 2984 636 3028 et
651 2969 828 3030 descendere
842 2967 991 3027 montibus
1004 2983 1100 3027 ornos.

275 3062 371 3120 testor,
387 3069 460 3122 cara,
476 3050 555 3122 deos,
571 3065 601 3108 et
616 3065 654 3122 te,
670 3067 816 3126 germana,
832 3063 973 3126 tuumque

275 3126 361 3186 dulce
376 3145 472 3206 capue
487 3131 610 3207 magicas
624 3131 748 3189 invitam
761 3129 907 3204 accingier
921 3143 1005 3188 artes.

275 3223 307 3265 tu
323 3224 431 3266 secreta
445 3231 546 3287 pyram
561 3226 640 3270 tecto
655 3209 792 3268 interiore
807 3210 860 3268 sub
873 3229 955 3270 auras

276 3288 361 3364 erige,
378 3303 407 3347 et
422 3309 498 3348 arma
513 3290 576 3362 viri,
593 3290 722 3348 thalamo
736 3307 810 3367 quae
825 3289 881 3348 fixa
896 3285 1014 3366 reliquit

420 3381 470 3442 464
486 3381 595 3442 priorum.
628 3395 676 3443 473
696 3381 768 3431 divae.
801 3395 850 3444 490
867 3390 954 3432 movet.
