2558 4112
244 433 291 483 134
514 415 542 464 P.
559 415 702 464 VERGILI
720 413 877 462 MARONIS

283 548 457 608 insertabam
473 562 583 625 aptans,
599 565 704 624 meque
720 560 799 603 extra
815 559 892 603 tecta
907 543 1047 603 ferebam.

284 651 353 689 ecce
367 645 465 688 autem
479 628 632 706 complexa
646 627 734 705 pedes
750 625 780 684 in
796 625 899 683 limine
915 623 1044 684 coniunx

283 710 429 782 haerebat,
444 729 623 788 parvumque
637 707 712 786 patri
729 706 868 765 tendebat
883 705 1000 766 Iulum:

266 791 307 850 ‘si
321 790 464 869 periturus
480 790 549 862 abis,
566 805 596 847 et
610 809 662 847 nos
677 809 745 867 rape
759 787 791 845 in
806 786 904 845 omnia
920 802 1018 846 tecum
1027 810 1038 855 3

285 871 330 932 sin
344 871 471 950 aliquam
487 886 621 948 expertus
635 884 757 947 sumptis
771 888 852 946 spem
867 867 951 945 ponis
966 867 998 925 in
1013 867 1108 938 armis,

284 953 361 1010 hanc
375 951 501 1030 primum
516 967 610 1010 tutare
625 951 755 1009 domum.
796 947 843 1008 cui
858 969 962 1027 parvus
977 947 1069 1020 Iulus,

286 1031 333 1090 cui
348 1047 438 1109 pater,
454 1047 483 1090 et
497 1032 627 1090 coniunx
642 1030 789 1124 quondam
805 1045 854 1088 tua
868 1029 947 1088 dicta
964 1029 1114 1108 relinquor
1124 1027 1150 1087 ?’

327 1112 396 1171 talia
409 1111 571 1171 vociferans
584 1127 696 1188 gemrtu
711 1125 823 1170 tectum
837 1129 925 1169 omne
939 1110 1072 1188 replebat
1080 1134 1090 1178 3

286 1212 353 1251 cum
367 1192 493 1252 subitum
509 1193 648 1271 dictuque
662 1191 754 1251 oritur
767 1189 900 1250 mirabile
915 1205 1087 1250 monstrum.
1116 1207 1154 1248 sto

287 1292 413 1350 namque
427 1293 529 1332 manus
543 1273 621 1332 inter
635 1287 868 1351 maestorumque
882 1292 932 1330 ora
946 1287 1100 1350 parentum

288 1353 442 1425 eccexlevis
457 1375 569 1414 summo
583 1353 620 1412 de
634 1352 745 1412 vertice
759 1351 834 1411 visus
849 1351 907 1410 Iuli

286 1432 411 1491 fundere
425 1433 526 1494 lumen
541 1455 624 1514 apex,
640 1448 778 1513 tactuque
792 1432 912 1491 innoxia
926 1433 1030 1492 molles

287 1513 416 1571 lambere
431 1512 545 1572 flamma
560 1533 666 1586 comas,
682 1530 712 1573 et
725 1513 837 1572 circum
852 1529 982 1592 tempora
996 1511 1085 1591 pasci.

288 1613 339 1651 nos
353 1593 451 1672 pavidi
467 1594 612 1672 trepidare
626 1610 717 1666 metu,
732 1593 903 1672 crinemque
918 1591 1089 1669 flagrantem

289 1689 434 1747 excutere,
451 1690 480 1733 et
494 1690 606 1734 sanctos
621 1674 799 1750 restinguere
814 1673 944 1732 fontibus
958 1673 1049 1750 ignes.

288 1771 318 1814 at
331 1771 414 1834 pater
426 1755 568 1816 Anchises
582 1754 682 1814 oculos
697 1755 734 1813 ad
747 1752 840 1814 sidera
855 1755 947 1813 laetus

289 1835 403 1908 extulit,
420 1850 449 1894 et
463 1835 545 1895 caelo
558 1835 668 1914 palmas
683 1855 750 1895 cum
765 1855 838 1896 voce
854 1835 998 1894 tetendit:

269 1916 421 1995 ‘Iuppiter
434 1915 629 1995 omnipotens,
642 1915 778 1994 precibus
792 1915 815 1975 si
831 1915 956 1976 flecteris
970 1915 1047 1988 ullis,

288 1997 384 2073 aspice
399 1998 547 2055 nos-hoc
563 2011 758 2070 tantum-et,
774 1997 796 2055 si
810 1998 921 2076 pietate
936 2017 1090 2069 meremur,
1119 2013 1158 2066 ⁶90

288 2076 325 2135 da
338 2076 447 2134 deinde
462 2076 612 2150 auxilium,
630 2077 724 2151 Pater,
740 2079 913 2158 atqueflhaec
928 2078 1027 2137 omina
1042 2077 1142 2137 firma?

329 2156 378 2214 vix
393 2177 426 2215 ea
440 2155 516 2216 fatus
531 2173 592 2216 erat
606 2157 712 2232 senior,
727 2159 880 2238 subitoque
896 2158 1007 2236 fragore

288 2237 419 2297 intonuit
432 2236 558 2310 laevum,
574 2253 603 2298 et
618 2240 655 2298 de
669 2240 752 2299 caelo
766 2240 844 2318 lapsa
857 2261 912 2319 per
926 2240 1041 2298 umbras

288 2319 373 2379 stella
388 2319 482 2377 facem
496 2318 605 2378 ducens
621 2319 713 2379 multa
728 2341 795 2380 cum
810 2321 876 2380 luce
891 2320 1029 2380 cucurrit.

289 2399 380 2472 illam,
395 2419 507 2458 summa
521 2421 606 2480 super
620 2400 770 2460 labentem
785 2401 915 2460 culmina
929 2399 1012 2473 tecti,

289 2480 435 2540 cernimus
450 2480 537 2539 Idaea
552 2481 660 2540 claram
674 2501 704 2540 se
718 2481 845 2540 condere
860 2481 940 2554 silva,

289 2561 585 2639 signantemque‘vias
594 2586 604 2632 ;
625 2577 688 2621 tum
703 2561 791 2638 longo
805 2562 900 2621 limite
915 2561 1010 2622 sulcus

288 2642 338 2702 dat
352 2642 459 2714 lucem,
476 2657 505 2701 et
519 2643 578 2700 late
594 2641 705 2702 circum
719 2643 784 2702 loca
799 2644 915 2721 sulpure
930 2644 1055 2703 fumant.
1256 2687 1259 2716 ,

288 2722 337 2782 hie
352 2744 421 2782 vero
435 2723 529 2783 victus
543 2722 659 2800 genitor
673 2743 702 2782 se
718 2723 797 2782 tollit
812 2724 848 2783 ad
863 2745 952 2796 auras,
1257 2718 1259 2788 i

289 2803 460 2882 adfaturque
475 2803 554 2876 deos,
571 2819 599 2862 et
614 2819 747 2864 sanctum
761 2803 838 2863 sidus
852 2805 962 2864 adorat.
1123 2832 1164 2872 7oe
1257 2807 1259 2866 i

270 2882 347 2942 ‘iam
375 2885 433 2944 iam
463 2885 544 2942 nulla
566 2904 646 2944 mora
673 2900 715 2944 est
724 2908 734 2955 ;
762 2905 874 2963 sequor,
901 2900 939 2958 et,
965 2904 1022 2963 qua
1043 2882 1164 2956 ducitis,

370 2965 480 3037 adsum,

289 3043 319 3102 di
334 3045 441 3122 patrii;
462 3059 573 3105 servate
588 3044 718 3118 domum,
734 3063 845 3105 servate
861 3061 1020 3124 nepotem
1258 3073 1259 3088 ¹

288 3140 415 3185 vestrum
437 3127 493 3185 hoc
515 3126 676 3203 augurium,
695 3142 849 3205 vestroque
871 3126 902 3184 in
925 3125 1048 3186 numine
1070 3124 1168 3186 Troia

372 3220 423 3265 est.

289 3285 362 3343 cedo
378 3284 523 3363 equidem,
538 3307 603 3360 nec,
619 3303 697 3361 nate,
713 3287 766 3347 tibi
782 3308 880 3347 comes
894 3288 937 3348 ire
951 3287 1074 3348 recuso!

289 3365 402 3425 dixerat
416 3365 488 3436 ille;
509 3382 539 3426 et
553 3367 678 3447 iamper
691 3368 808 3427 moenia
823 3369 928 3429 clarior
942 3368 1018 3446 ignis

533 3459 580 3509 680
597 3463 682 3512 subito.
749 3463 795 3526 ⁶83
814 3465 890 3512 molli.
936 3473 941 3482 “
