2558 4112
273 1302 292 1330 ‘¹
302 1299 460 1370 Posmuan
475 1320 518 1358 res
532 1300 620 1360 Asiae
636 1299 798 1377 Priamique
815 1313 943 1358 evertere
958 1312 1077 1374 gentem

299 1378 465 1438 inmeritam
479 1379 573 1439 visum
587 1381 705 1459 superis,
721 1379 885 1458 ceciditque
900 1379 1055 1457 superbum

299 1459 388 1519 Ilium
403 1475 432 1517 et
447 1460 540 1518 omnis
555 1462 644 1519 humo
659 1461 752 1520 fumat
767 1459 920 1538 Neptunia
935 1460 1035 1531 Troia,

299 1540 410 1599 diversa
425 1539 523 1598 exsilia
539 1556 568 1599 et
582 1540 707 1599 desertas
722 1560 858 1619 quaerere
874 1556 960 1599 terras

299 1621 420 1697 auguriis
435 1621 545 1697 agimur
558 1621 665 1693 divom,
681 1623 857 1701 classemque
872 1621 924 1680 sub
938 1620 999 1698 ipsa

298 1703 453 1761 Antandro
468 1718 497 1760 et
513 1701 653 1778 Phrygiae
668 1700 805 1761 molimur
819 1701 965 1761 montibus
980 1701 1060 1773 Idae,

299 1783 403 1842 incerti
418 1804 476 1862 quo
490 1783 549 1842 fata
562 1783 667 1855 ferant,
682 1783 731 1841 ubi
746 1782 845 1841 sistere
859 1784 953 1854 detur,

298 1865 553 1943 contrahimusque
567 1863 652 1924 viros.
693 1864 742 1922 vix
755 1863 847 1942 prima
862 1863 1011 1941 inceperat
1026 1877 1125 1934 aestas,

299 1960 328 2003 et
342 1960 425 2023 pater
439 1945 580 2004 Anchises
596 1945 664 2003 dare
679 1944 743 2003 fatis
758 1945 823 2002 vela
837 1943 964 2014 iubebat,

298 2024 383 2083 litora
399 2045 466 2084 cum
480 2025 590 2104 patriae
605 2025 758 2085 lacrimans
772 2039 929 2103 portusque
944 2023 1078 2103 relinquo
1141 2053 1165 2081 ιο
1256 2039 1257 2044 ’

299 2121 328 2164 et
343 2125 469 2199 campos,
485 2105 534 2164 ubi
550 2105 641 2165 Troia
656 2105 721 2166 fuit.
764 2106 841 2165 feror
856 2104 959 2197 exsul·
951 2125 982 2162 ιιι
998 2105 1090 2163 altum
1256 2117 1257 2126 ¹

299 2206 366 2245 cum
380 2185 463 2244 sociis
478 2203 614 2266 natoque,
631 2186 788 2246 Penatibus
804 2201 834 2244 et
849 2184 958 2261 magnis
971 2184 1025 2244 dis.

339 2281 414 2325 terra
428 2267 530 2345 procul
545 2267 630 2327 vastis
645 2267 750 2326 colitur
766 2266 911 2326 Mavortia
927 2265 1078 2344 campis-

299 2348 429 2406 Thraces
445 2347 626 2408 arant—acri
642 2348 789 2427 quondam
804 2362 921 2424 regnata
935 2346 1079 2424 Lycurgo,

298 2428 457 2508 hospitium
472 2429 624 2509 antiquum
640 2428 747 2487 Troiae
763 2427 890 2506 sociique
906 2427 1038 2499 Penates,

298 2509 368 2569 dum
382 2509 499 2568 fortuna
512 2510 579 2569 fuit.
620 2509 697 2568 feror
710 2511 778 2581 huc,
794 2524 823 2567 et
837 2509 922 2567 litore
938 2529 1027 2567 curvo
1067 2555 1074 2568 .

298 2590 413 2649 moenia
426 2590 520 2668 prima
535 2592 599 2650 loco
613 2589 702 2648 fatis
694 2609 834 2666 ingressus
849 2588 965 2667 iniquis,

297 2671 505 2750 Aeneadasque
520 2691 586 2730 meo
600 2691 708 2730 nomen
723 2671 760 2729 de
775 2669 895 2729 nomine
910 2670 998 2746 fingo.

338 2772 416 2810 sacra
430 2752 581 2820 Dionaeae
596 2751 681 2810 matri
695 2751 826 2830 divisque
842 2750 980 2809 ferebam

298 2831 459 2910 auspicibus
475 2848 644 2926 coeptorum
658 2852 788 2910 operum,
804 2850 964 2910 superoque
980 2829 1127 2889 nitentem

298 2911 471 2973 caelicolum
484 2933 543 2990 regi
536 2912 743 2972 mactabam'
735 2933 766 2970 ιιι
782 2911 866 2971 litore
881 2927 1006 2970 taurum.

297 2991 373 3050 forte
387 2992 465 3052 fuit
457 3010 537 3052 luxta
552 2994 691 3065 tumulus,
705 3013 763 3071 quo
778 3012 882 3052 cornea
897 3010 1010 3050 summo

297 3070 420 3146 virgulta
435 3088 464 3132 et
478 3074 572 3132 densis
587 3073 737 3132 hastilibus
752 3072 866 3132 horrida
881 3087 1001 3148 myrtus.

297 3152 413 3224 accessi,
428 3152 607 3233 viridemque
622 3155 659 3212 ab
672 3155 763 3213 humo
777 3153 944 3212 convellere
959 3151 1063 3210 silvam

297 3247 427 3303 conatus,
443 3234 527 3292 ramis
543 3249 669 3310 tegerem
684 3250 716 3294 ut
730 3232 933 3292 frondentibus
949 3253 1019 3304 aras,

296 3312 476 3372 horrendum
490 3329 519 3373 et
533 3315 613 3374 dictu
628 3315 713 3373 video
727 3313 857 3372 mirabile
872 3329 1045 3373 monstrum

297 3413 365 3454 nam
381 3415 453 3473 quae
467 3395 559 3473 prima
574 3396 634 3454 solo
649 3394 740 3474 ruptis
755 3393 897 3453 radicibus
913 3394 995 3453 arbos

544 1113 667 1174 LIBER
688 1113 878 1174 TERTIUS

1256 1547 1258 1602 i
