2562 4114
290 370 335 436 308
560 371 587 418 P.
604 369 747 418 VERGILI
764 369 921 418 MARONIS

327 519 429 558 vocem
444 499 627 577 animamque
641 498 714 577 rapit
727 497 844 557 traiecto
857 513 994 576 gutture3
1014 514 1043 557 at
1057 498 1109 557 ille
1163 541 1167 548 -

328 581 422 640 fronte
436 580 502 640 ferit
516 595 628 648 terram,
644 595 673 638 et
687 599 809 638 crassum
823 578 913 638 vomit
927 599 975 638 ore
989 599 1133 641 cruorem.

327 676 383 720 tres
398 681 513 740 quoque
529 660 682 718 Threicios
698 660 806 719 Boreae
820 661 856 718 de
870 675 955 734 gente
971 680 1115 738 suprema,
1158 692 1195 730 ³⁵0

328 758 356 801 et
371 757 436 813 tres,
450 761 521 820 quos
537 742 599 800 Idas
613 756 693 819 pater
707 757 736 800 et
749 740 840 818 patria
855 741 964 800 Ismara
977 741 1076 813 mittit,

327 843 379 901 per
392 823 484 882 varios
497 822 599 882 sternit
613 842 701 881 casus.
743 821 866 881 accurrit
879 821 1029 893 Halaesus,
1048 858 1064 868 ·-

327 905 540 982 Auruncaeque
554 923 677 974 manus;
698 903 774 961 subit
789 917 817 961 et
832 901 983 980 Neptunia
997 903 1103 980 proles,

327 984 445 1060 insignis
461 985 609 1062 Messapus
624 983 714 1063 equis.
755 983 899 1061 expellere
913 983 1036 1042 tendunt

328 1064 461 1136 noachi,
478 1085 555 1124 nunc
571 1064 638 1134 illi;
659 1079 783 1123 certatur
797 1063 897 1122 limine
913 1062 1019 1140 inipso

326 1146 482 1205 Ausoniae.
523 1164 626 1220 magno
638 1145 780 1204 discordes
794 1145 908 1204 aethere
922 1143 1002 1203 venti

326 1227 435 1304 proelia
450 1245 504 1285 ceu
519 1226 626 1284 tollunt
640 1225 741 1284 animis
756 1241 785 1286 et
798 1224 905 1284 viribus
920 1224 1016 1303 aequis
1029 1250 1038 1296 ;

327 1327 386 1364 non
401 1307 454 1384 ipsi
469 1307 544 1365 inter
558 1327 597 1378 se,
613 1327 671 1365 non
687 1306 797 1377 nubila,
811 1326 870 1364 non
884 1325 962 1364 mare
976 1305 1076 1373 cedit;

327 1408 432 1464 anceps
445 1405 542 1464 pugna
555 1387 605 1446 diu
619 1411 628 1458 ;
650 1403 724 1446 stant
738 1386 844 1446 obnixa
857 1385 954 1445 omnia
968 1401 1067 1444 contra
1082 1409 1090 1445 ε

325 1467 402 1526 haud
416 1468 499 1525 aliter
513 1467 659 1527 Troianae
674 1468 747 1526 acies
762 1467 891 1545 aciesque
905 1467 1025 1526 Latinae
1154 1483 1186 1536 360

326 1563 523 1615 concurrunt;
545 1548 643 1607 haeret
657 1549 731 1626 pede
746 1569 796 1627 pes
809 1548 971 1626 densusque
986 1547 1047 1606 viro
1061 1547 1115 1608 vir.

365 1643 395 1686 at
409 1643 487 1705 parte
501 1647 537 1686 er
552 1627 614 1697 alia,
631 1649 687 1706 qua
702 1649 767 1687 saxa
780 1629 903 1687 rotantia
916 1629 973 1688 late

325 1709 469 1788 inpulerat
483 1724 592 1768 torrens
607 1709 775 1788 arbustaque
788 1710 884 1769 diruta
897 1709 977 1787 ripis,

323 1790 456 1861 Arcadas,
470 1789 597 1849 insuetos
611 1790 685 1849 acies
700 1790 806 1849 inferre
821 1791 971 1868 pedestres,

324 1887 356 1930 ut
370 1871 443 1930 vidit
458 1872 550 1929 Pallas
565 1871 647 1930 Latio
662 1871 728 1930 dare
744 1887 821 1947 terga
835 1870 989 1949 sequaci·-

324 1971 419 2030 aspera
433 1952 498 2030 quis
511 1967 612 2011 natura
627 1952 683 2010 loci
698 1951 843 2010 dimittere
857 1951 972 2030 quando

324 2031 410 2091 suasit
425 2053 644 2110 equos—unum
660 2033 738 2110 quod
751 2032 834 2090 rebus
848 2047 933 2092 restat
943 2031 1049 2108 egenis,

325 2132 403 2170 nunc
418 2132 512 2188 prece,
528 2133 607 2171 nunc
623 2113 707 2172 dictis
721 2112 858 2172 virtutem
873 2113 1006 2172 accendit
1020 2113 1142 2172 amatis:

303 2198 381 2270 ‘quo
395 2192 502 2268 fugitis,
517 2193 609 2252 socii?
650 2213 702 2272 per
715 2213 764 2252 vos
778 2209 807 2252 et
821 2194 904 2253 fortia
917 2194 1000 2265 faeta,

323 2292 374 2350 per
387 2272 468 2331 ducis
483 2273 611 2332 Euandri
627 2293 734 2333 nomen
749 2274 919 2352 devictaque
933 2275 1019 2345 bella,
1147 2301 1180 2342 370
1253 2326 1254 2350 ,

322 2373 460 2432 spemque
471 2373 575 2425 meam,
586 2354 696 2433 patriae
710 2375 783 2433 quae
795 2375 874 2414 nunc
886 2355 962 2414 subit
972 2356 1086 2415 aemula
1097 2353 1178 2424 laudi,
1253 2353 1254 2382 ¹

322 2431 402 2492 fidite
416 2453 454 2492 ne
467 2434 598 2512 pedibus.
641 2435 715 2494 ferro
729 2436 886 2513 rumpenda
900 2456 951 2513 per
964 2437 1058 2494 hostes

322 2529 364 2573 est
379 2515 434 2574 via.
449 2571 451 2578 ,
477 2535 532 2592 qua
546 2514 648 2589 globus
661 2515 711 2574 ille
725 2516 819 2574 virum
833 2515 1014 2575 densissimus
1028 2531 1138 2593 urguet,

321 2596 374 2654 hac
389 2615 438 2653 vos
453 2611 481 2654 et
497 2595 627 2655 Pallanta
639 2596 745 2654 ducem
760 2596 850 2673 patria
863 2597 919 2656 alta
932 2596 1063 2674 reposcit.

321 2675 442 2734 numina
455 2675 536 2734 nulla
550 2693 686 2753 premunt
699 2700 708 2745 ;
729 2677 846 2736 mortali·
857 2697 1009 2753 urguemur
1022 2677 1058 2737 ab
1072 2680 1149 2737 hoste

321 2757 454 2816 mortales
466 2781 476 2827 ;
497 2756 618 2815 totidem
633 2757 715 2815 nobis
730 2757 899 2838 animaeque
913 2777 1080 2838 manusque.

320 2855 398 2908 ecce,
415 2837 499 2896 maris
513 2857 616 2914 magna
632 2837 740 2898 claudit
755 2859 807 2898 nos
822 2839 904 2898 obice
914 2855 1041 2916 pontus;

319 2916 399 2976 deest
413 2918 469 2976 iam
484 2933 557 2978 terra
572 2918 665 2994 fugae.
707 2919 823 2996 pelagus
837 2919 996 2979 Troiamne
1010 2915 1166 2998 petemusl’

319 2998 390 3056 haec
405 2998 452 3068 ait,
467 3014 497 3059 et
511 2999 622 3058 medius
636 2999 738 3059 densos
751 3001 911 3080 prorumpit
925 3001 956 3058 in
971 3002 1074 3060 hostes.

318 3076 419 3136 obvius
433 3079 501 3139 huic
516 3080 650 3158 primum,
667 3080 731 3139 fatis
745 3081 884 3140 adductus
898 3081 1013 3160 iniquis,
1142 3094 1175 3147 380

319 3156 352 3215 fit
367 3158 460 3233 Lagus
472 3184 482 3228 ς
502 3163 594 3232 hunc,
609 3181 712 3238 magno
726 3162 808 3221 vellit
821 3162 892 3221 dum
905 3162 1032 3242 pondere
1047 3180 1152 3229 sarum,

319 3237 427 3297 intorto
442 3239 503 3316 figit
520 3243 588 3312 telo,
602 3241 767 3302 discrimina
782 3242 867 3302 costis

318 3339 370 3398 per
381 3319 512 3379 medium
527 3342 583 3399 qua
597 3322 678 3400 spina
691 3323 777 3383 dabat
790 3347 799 3393 ;
820 3325 986 3402 hastamque
1000 3337 1128 3402 receptat

637 3414 682 3477 378
707 3424 819 3477 petamus.
