2558 4112
424 349 594 399 AENEIDOS
611 351 674 400 ΠΒ.
692 353 731 400 IV

163 479 362 556 instauratque
376 477 455 538 diem
470 479 563 551 donis,
578 480 784 558 pecudumque
798 482 917 542 reclusis

163 559 331 640 pectoribus
346 559 462 618 inhians
477 559 614 638 spirantia
628 562 755 621 consulit
770 577 845 623 exta.

164 642 223 699 heu
238 656 337 699 vatum
352 640 467 716 ignarae
482 643 615 702 mentes!
638 642 709 720 quid
723 659 791 701 vota
805 644 963 718 furentem,

165 721 236 800 quid
251 721 372 780 delubra
387 721 511 781 iuvant?
532 737 576 782 est
588 724 693 782 molles
707 722 823 784 flamma
838 726 980 785 medullas

165 804 285 874 interea,
302 817 331 860 et
346 802 466 861 taciturn
480 803 553 862 vivit
567 804 620 862 sub
633 820 753 882 pectore
767 805 881 866 vulnus.

166 883 257 943 uritur
271 882 377 942 infelix
391 883 471 943 Dido
486 900 604 963 totaque
618 901 737 961 vagatur

166 965 237 1023 urbe
251 964 361 1037 furens,
376 965 468 1043 qualis
480 965 615 1024 coniecta
630 987 715 1025 cerva
730 967 840 1043 sagitta,

165 1065 252 1124 quam
266 1046 368 1122 procul
384 1045 532 1106 incautam
547 1067 666 1105 nemora
680 1047 758 1106 inter
773 1049 873 1107 Cresia
888 1049 952 1108 fixit
1010 1080 1035 1118 70

164 1141 263 1204 pastor
277 1146 363 1202 agens
378 1127 452 1199 telis,
469 1127 614 1205 liquitque
627 1128 748 1187 volatile
763 1129 872 1188 ferrum

165 1206 278 1267 nescius
293 1229 300 1267 :
321 1207 373 1266 illa
388 1207 454 1283 fuga
470 1207 553 1267 silvas
568 1209 714 1286 saltusque
728 1225 859 1287 peragrat

165 1287 325 1359 Dictaeos·
345 1290 445 1348 haeret
460 1289 542 1348 lateri
557 1289 652 1348 letalis
665 1291 807 1350 harundo.

166 1389 245 1428 nunc
260 1333 356 1428 media
370 1371 492 1428 Aenean
508 1391 606 1430 secum
620 1391 673 1448 per
686 1371 803 1430 moenia
817 1371 908 1445 ducit,

167 1450 364 1544 Sidoniasque
372 1466 498 1510 ostentat
512 1473 581 1530 opes
596 1453 757 1530 urbemque
770 1468 921 1530 paratam,

166 1530 271 1608 incipit
287 1529 365 1590 effari
367 1532 567 1612 ,mediaque
559 1554 590 1592 ιιι
604 1553 677 1592 voce
690 1533 817 1592 resistit:

166 1632 246 1671 nunc
262 1611 363 1670 eadem
378 1613 496 1672 labente
511 1614 558 1673 die
574 1614 707 1672 convivia
723 1615 844 1693 quaerit,

166 1692 351 1785 Iliacosque
343 1709 449 1752 iterum
464 1696 584 1754 demens
599 1695 698 1754 audire
713 1695 825 1754 labores

167 1773 306 1850 exposcit,
321 1775 512 1853 pendetque'
505 1791 610 1834 iterum
625 1775 767 1834 narrantis
782 1775 819 1833 ab
833 1795 891 1834 ore.

165 1869 239 1933 post,
255 1854 304 1912 ubi
319 1855 445 1930 digressi,
461 1856 621 1933 lumenque
635 1855 795 1913 obscura
769 1855 894 1914 vicissim
1009 1875 1035 1916 80

166 1935 236 1993 luna
250 1935 366 2012 premit,
382 1936 563 2012 suadentque
578 1935 712 1994 cadentia
727 1935 820 1995 sidera
834 1956 958 2008 somnos,

166 2016 225 2074 sola
241 2015 328 2074 domo
343 2031 453 2073 maeret
467 2036 568 2087 vacua,
584 2016 734 2094 stratisque
747 2016 857 2076 relictis

165 2095 308 2155 incubat:
329 2095 414 2152 illum
430 2095 529 2154 absens
545 2096 694 2155 absentem
709 2097 846 2177 auditque
860 2098 1010 2177 videtque,

165 2190 216 2236 aut
230 2174 340 2250 gremio
354 2175 512 2234 Ascanium
528 2176 665 2252 genitoris
680 2177 807 2270 imagine
822 2195 906 2256 capta

164 2255 290 2328 detinet,
306 2255 496 2316 infandum
476 2277 498 2315 ιι
513 2257 616 2317 fallere
629 2259 719 2336 possit
733 2279 871 2320 amorem.

165 2358 226 2396 non
242 2351 364 2415 coeptae
378 2337 536 2414 adsurgunt
552 2354 664 2411 turres;
686 2360 746 2398 non
761 2359 839 2398 arma
853 2340 989 2400 iuventus

167 2435 293 2490 exercet,
308 2434 445 2496 portusve
460 2436 509 2479 aut
522 2421 741 2498 propugnacula
755 2421 835 2479 bello

166 2516 228 2559 tuta
242 2515 345 2577 parant
359 2522 366 2559 :
387 2500 521 2579 pendent
536 2521 624 2578 opera
637 2501 809 2580 interrupta,
824 2501 979 2580 minaeque

167 2601 314 2640 murorum
329 2581 471 2657 ingentes,
487 2598 667 2661 aequataque
682 2583 817 2642 machina
832 2583 924 2642 caelo.

207 2682 293 2740 quam
308 2662 394 2721 simul
409 2683 442 2721 ac
459 2663 509 2721 tali
524 2665 665 2741 persensit
679 2679 761 2742 peste
776 2663 869 2723 teneri
1008 2693 1034 2732 90

166 2763 231 2802 cara
246 2743 323 2802 Iovis
337 2744 477 2816 coniunx,
492 2765 547 2804 nec
563 2745 671 2804 famam
685 2745 799 2805 obstare
813 2744 910 2816 furori,

167 2823 272 2882 talibus
285 2825 451 2900 adgreditur
465 2826 614 2885 Venerem
630 2827 763 2886 Saturnia
778 2827 863 2885 dictis
877 2847 884 2885 :

147 2905 310 2981 ‘egregiam
324 2925 392 2966 vero
407 2908 524 2966 laudem
539 2923 569 2967 et
583 2909 676 2986 spolia
689 2909 785 2986 ampla
799 2907 911 2966 refertis

168 3001 258 3064 tuque
266 3008 396 3066 puerque
408 3004 473 3048 tuus
486 3014 496 3059 ;
517 3009 654 3065 magnum
666 3004 695 3049 et
706 2989 894 3048 memorabile
905 3007 1023 3062 nomen,

167 3087 225 3125 una
240 3067 308 3126 dolo
322 3069 420 3128 divom
435 3069 457 3127 si
473 3070 583 3128 femina
597 3070 674 3128 victa
688 3071 812 3130 duorum
828 3088 878 3130 est.

167 3168 222 3206 nec
234 3167 282 3207 me
297 3150 368 3208 adeo
383 3150 468 3223 fallit,
484 3151 606 3210 veritam
622 3165 651 3210 te
666 3151 781 3210 moenia
795 3168 891 3211 nostra

166 3241 311 3306 suspectas
324 3230 456 3289 habuisse
471 3231 572 3289 domos
588 3231 773 3308 Carthaginis
787 3233 871 3293 altae.

167 3309 216 3368 sed
232 3310 295 3389 quis
311 3311 365 3369 erit
378 3312 491 3382 modus,
506 3327 555 3370 aut
570 3332 627 3390 quo
643 3332 722 3372 nunc
737 3314 896 3374 certamine
911 3315 1015 3372 tanto?

506 3423 538 3471 94
554 3425 651 3458 numen.

575 3497 599 3534 ra
