2556 4116
410 346 612 396 osonorcou
630 348 693 396 1111.
711 347 724 394 1
987 363 1016 411 31

145 478 333 558 praedarique
349 478 430 554 lupos
444 477 524 538 iussit
538 495 718 559 pontumque
734 481 852 553 moveri,
981 512 1019 552 ῳ

91 575 95 582 “
147 561 292 638 mellaque
308 559 432 617 decussit
447 559 531 631 foliis,
548 559 703 638 ignemque
718 563 849 634 removit,

146 657 176 700 et
190 641 294 719 passim
308 639 374 698 rivis
389 641 534 699 currentia
548 641 615 698 vina
628 641 770 718 repressit,

146 738 180 781 ut
194 721 283 780 varias
300 741 365 779 usus
380 721 547 778 meditando
562 722 735 780 extunderet
749 739 821 782 artes

145 803 295 882 paulatim,
312 817 341 860 et
355 802 441 860 sulcis
456 802 594 860 frumenti
610 819 760 881 quaereret
771 805 899 877 herbam,

146 899 181 943 ut
195 882 282 941 silicis
296 883 377 940 venis
392 883 552 942 abstrusum
567 885 723 943 excuderet
737 885 844 961 ignem.

146 982 218 1024 tunc
234 965 313 1023 alnos
327 963 453 1041 primum
468 963 548 1023 fluvii
564 985 675 1024 sensere
690 981 800 1026 cavatas
813 991 822 1036 ;

146 1045 245 1104 navita
259 1060 321 1103 tum
337 1045 426 1104 stellis
441 1065 576 1104 numeros
590 1061 620 1104 et
635 1046 753 1104 nomina
766 1047 846 1119 fecit,

148 1126 287 1196 Pleiadas,
304 1125 432 1202 Hyadas,
447 1126 611 1205 claramque
626 1127 768 1203 Lycaonis
782 1130 894 1187 Arcton
907 1153 916 1199 3

147 1223 211 1266 tum
227 1206 335 1284 laqueis
350 1222 464 1283 captare
480 1208 552 1266 feras
567 1223 596 1266 et
611 1208 711 1266 fallere
727 1207 804 1267 visco

147 1289 314 1358 inventum,
327 1303 357 1347 et
372 1307 489 1363 magnos
504 1288 623 1347 canibus
639 1288 816 1350 circumdare
831 1290 939 1362 saltus3
980 1319 1019 1360 140

147 1385 234 1448 atque
249 1369 320 1427 alius
335 1369 425 1428 latum
440 1369 529 1427 funda
544 1369 601 1428 iam
616 1370 746 1428 verberat
760 1390 875 1429 amnem

146 1450 204 1508 alta
218 1465 330 1526 petens,
344 1451 502 1527 pelagoque
517 1450 588 1508 alius
603 1450 690 1510 trahit
704 1451 801 1509 umida
815 1451 874 1509 lina
887 1477 896 1522 ;

148 1548 211 1589 tum
226 1530 295 1589 ferri
310 1529 385 1608 rigor
400 1546 485 1609 atque
501 1547 614 1606 argutae
630 1531 737 1590 lamina
751 1552 886 1590 serrae—

147 1632 215 1669 nam
230 1611 316 1689 primi
331 1611 431 1669 cuneis
446 1611 616 1670 scindebant
631 1611 715 1670 fissile
730 1612 884 1688 lignum-

148 1709 211 1752 tum
225 1693 320 1750 variae
334 1713 439 1750 venere
455 1708 538 1752 artes.
581 1692 659 1750 labor
673 1693 769 1751 omnia
784 1693 855 1752 vicit

146 1773 296 1853 inprobus,
311 1787 340 1831 et
354 1773 433 1832 duris
448 1793 572 1849 urguens
586 1773 616 1831 in
632 1773 715 1832 rebus
731 1789 847 1848 egestas.

147 1855 241 1932 prima
255 1854 343 1912 Ceres
358 1853 433 1912 ferro
448 1854 582 1913 mortales
596 1869 704 1912 vertere
719 1870 822 1913 terram

146 1935 284 2006 instituit,
300 1955 367 1994 cum
382 1935 439 1994 iam
454 1934 571 2010 glandes
586 1935 784 2013 atque‘arbuta
798 1955 891 1994 sacrae

148 2016 307 2075 deficerent
321 2015 407 2074 silvae
423 2030 452 2074 et
467 2014 578 2074 victum
592 2016 717 2075 Dodona
730 2032 855 2092 negaret.

148 2118 215 2156 mox
232 2111 260 2155 et
274 2097 426 2156 frumentis
442 2097 521 2154 labor
536 2097 656 2168 additus,
672 2113 704 2156 ut
718 2098 792 2156 mala
806 2099 916 2156 culmos
981 2125 1019 2166 150

149 2194 223 2236 esset
236 2179 347 2253 robigo,
362 2178 513 2255 segnisque
528 2179 658 2236 horreret
672 2177 703 2236 in
719 2178 791 2236 arvis

149 2259 271 2317 carduus
286 2281 293 2318 :
314 2259 463 2316 intereunt
479 2275 597 2334 segetes,
612 2258 688 2316 subit
703 2279 799 2335 aspera
812 2259 890 2330 silva,

149 2340 307 2418 lappaeque
322 2339 485 2417 tribolique,
501 2339 634 2416 interque
649 2338 772 2398 nitentia
786 2340 863 2397 culta

149 2420 254 2478 infelix
269 2420 371 2478 lolium
385 2435 413 2479 et
429 2420 538 2478 steriles
554 2419 738 2478 dominantur
752 2439 868 2477 avenae.

148 2501 227 2580 quod
241 2501 296 2559 nisi
311 2517 340 2560 et
354 2501 475 2560 adsiduis
492 2502 610 2560 herbam
625 2499 803 2558 insectabere
817 2499 920 2576 rastris,

149 2598 179 2640 et
194 2582 289 2641 sonitu
304 2583 421 2642 terrebis
436 2603 511 2653 aves,
528 2599 558 2640 et
571 2582 643 2641 ruris
657 2581 738 2658 opaci

149 2663 226 2722 falce
240 2683 352 2741 premes
366 2665 488 2733 umbras,
505 2663 635 2741 votisque
649 2661 794 2721 vocaveris
808 2661 939 2731 imbrem,

149 2745 207 2802 heu
223 2764 359 2820 magnum
373 2745 487 2805 alterius
503 2761 604 2804 trustra
621 2743 761 2822 spectabis
775 2762 917 2811 acervum,

149 2845 344 2904 concussaque
359 2827 466 2885 famem
481 2827 512 2884 in
528 2825 604 2884 silvis
620 2825 747 2883 solabere
762 2843 880 2904 quercu.

191 2905 348 2967 dicendum
364 2923 402 2980 et,
417 2929 489 2986 quae
505 2907 562 2965 sint
576 2905 654 2964 duris
668 2905 822 2982 agrestibus
837 2924 925 2976 arms,
980 2922 1019 2962 160

150 2987 213 3064 quis
228 2986 290 3045 sine
305 3008 359 3046 nec
374 3004 493 3064 potuere
508 2987 563 3046 seri
579 3008 633 3046 nec
649 3007 761 3061 surgere
776 3005 899 3044 messes:

150 3067 241 3125 vomis
256 3085 286 3126 et
299 3068 400 3138 inflexi
414 3069 541 3146 primum
557 3089 642 3145 grave
658 3068 744 3125 robur
758 3066 842 3125 aratri

150 3148 290 3226 tardaque
305 3150 458 3208 Eleusinae
473 3149 569 3208 matris
585 3147 732 3208 volventia
745 3147 880 3224 plaustra,

146 3228 315 3308 tribulaque
331 3232 512 3309 traheaeque,
527 3247 556 3289 et
571 3229 672 3308 iniquo
686 3228 815 3306 pondere
829 3228 909 3288 rastri
922 3254 931 3299 ;

149 3308 245 3385 virgea
259 3327 406 3388 praeterea
421 3311 505 3371 Cele'1'
519 3311 641 3388 vilisque
657 3311 797 3387 supellex,

366 3417 409 3468 155
428 3414 522 3454 terram.
591 3416 635 3466 157
652 3403 767 3454 umbram.
