2568 4114
254 365 299 414 ψ
530 346 558 394 ι.
575 344 718 394 vanem
736 343 894 394 munours

291 475 540 555 praecipitemque
554 475 653 534 Daren
669 474 772 533 ardens
786 473 844 550 agit
858 494 984 553 aequore
998 492 1069 550 toto,

291 576 372 616 nunc
387 556 511 616 dextra
502 555 686 632 rngeminans
701 555 786 627 ictus,
801 575 881 615 nunc
896 555 983 615 ille
963 557 1092 616 sinistra:

292 658 347 698 nec
362 657 451 709 mora,
466 657 522 695 nec
536 636 670 716 requies:
670 655 779 729 ‘quam
793 636 886 695 multa
900 637 1042 713 grandine
1056 637 1150 698 nimbi

292 717 471 778 culminibus
485 717 639 796 crepitant,
656 716 696 776 sic
711 716 807 777 densis
821 717 929 776 ictibus
942 720 1026 778 heros

292 800 393 859 creber
408 814 530 878 utraque
544 818 633 857 manu
648 797 744 876 pulsat
757 812 908 876 versatque
922 797 1042 858 Dareta.
1122 819 1161 868 460

292 896 355 940 tum
370 895 451 958 pater
464 880 578 938 Aeneas
593 878 752 956 procedere
766 878 902 954 longius'
894 899 948 938 tras

292 977 320 1020 et
334 961 444 1020 saevire
459 959 562 1019 animis
577 959 729 1019 Entellum
743 957 822 1018 haud
837 979 933 1037 passus
947 959 1075 1032 acerbis;

292 1043 341 1100 sed
355 1040 467 1101 finem'
459 1039 589 1119 mposuit
602 1060 727 1118 pugnae,
742 1039 907 1119 fessumque
922 1040 1030 1100 Dareta

293 1122 407 1200 eripuit,
423 1121 556 1181 mulcens
570 1120 665 1192 dictis,
681 1141 714 1178 ac
731 1120 799 1179 talia
813 1121 909 1180 fatur:

273 1203 407 1274 ‘infelix,
422 1223 495 1280 quae
510 1217 591 1260 tanta
607 1201 738 1261 animum
752 1201 901 1260 dementia
915 1201 1011 1279 cepit?

293 1303 353 1342 non
367 1283 441 1341 vires
457 1282 526 1342 alias
541 1302 739 1361 conversaque
754 1281 876 1346 numina
891 1281 998 1341 sentis?

292 1363 364 1423 cede
377 1363 454 1422 deo!
495 1362 629 1442 dixitque
645 1377 674 1421 et
673 1362 799 1441 proelia
814 1383 886 1422 voce
901 1362 1027 1422 diremit.

292 1459 335 1503 ast
349 1443 436 1502 illum
449 1443 499 1501 fidi
515 1443 659 1521 aequales,
674 1463 769 1519 genua
784 1463 867 1519 aegra
882 1445 1055 1516 trahentem,

292 1525 509 1602 iactantemque
524 1539 647 1602 utroque
663 1539 760 1616 caput,
776 1545 960 1604 crassumque
975 1543 1106 1583 cruorem

292 1625 341 1663 ore
357 1604 532 1664 eiectantem
546 1603 712 1682 mixtosque
726 1603 758 1662 in
773 1605 914 1681 sanguine
928 1605 1039 1678 dentes,
1122 1634 1159 1674 4⁷0

292 1687 406 1744 ducunt
420 1684 457 1743 ad
472 1705 578 1756 naves3
599 1686 770 1763 galeamque
785 1705 942 1765 ensemque
956 1685 1051 1744 vocati

292 1766 460 1844 accipiunt:
481 1765 609 1844 palmam
624 1766 744 1824 Entello
760 1781 934 1844 taurumque
948 1766 1128 1845 relinquunt.

292 1846 341 1906 hic
355 1847 458 1919 victor,
473 1866 610 1924 superans
626 1846 730 1904 animis
745 1861 886 1926 tauroque
901 1847 1058 1925 superbus:

274 1931 361 1986 ‘nate
375 1928 439 1999 dea,
454 1947 562 2005 vosque
577 1927 671 2000 haec,'
686 1926 793 2005 inquit,
809 1927 992 2003 ‘cognoscite
1008 1928 1128 2000 Teucri,

293 2007 409 2067 etmihi
424 2027 510 2100 quae.
513 2007 625 2066 fuerint
640 2007 791 2066 iuvenali
783 2028 815 2066 m
830 2028 949 2086 corpore
964 2005 1048 2081 vires,

293 2103 393 2180 etqua
408 2087 525 2145 servetis
540 2104 707 2147 revocatum
722 2109 738 2146 a
753 2104 845 2147 morte
859 2088 987 2148 Dareta?

291 2167 376 2240 dixit,
392 2183 422 2226 et
436 2166 547 2227 adversi
563 2183 664 2227 contra
679 2168 760 2228 stetit
774 2190 823 2227 ora
837 2169 965 2242 iuvenci,

292 2269 342 2328 qut
334 2214 468 2308 donum
483 2248 614 2308 adstabat
628 2269 762 2327 pugnae,
783 2249 927 2328 durosque
941 2249 1062 2310 reducta

292 2329 409 2389 libravit
423 2330 525 2388 dextra
540 2329 658 2388 media
650 2344 728 2388 mter
743 2350 851 2389 cornua
865 2345 977 2390 caestus

292 2411 407 2483 arduus,
423 2410 600 2488 effractoque
615 2409 708 2469 inlisit
723 2409 754 2469 in
769 2431 831 2469 ossa
845 2411 973 2470 cerebro.
1122 2427 1159 2477 480

292 2491 430 2551 sternitur
445 2491 645 2569 exanimisque
660 2506 788 2549 tremens
802 2491 969 2569 procumbit
984 2491 1068 2551 humi
1083 2492 1142 2550 bos.

291 2571 344 2630 ille
358 2593 444 2650 super
459 2571 530 2630 tales
549 2571 674 2630 effundit
689 2588 807 2648 pectore
822 2592 925 2631 voces:

272 2653 368 2711 ‘hanc
384 2651 446 2724 tibi,
463 2653 551 2729 Eryx,
567 2651 719 2710 meliorem
734 2652 861 2712 animam
875 2674 927 2731 pro
938 2667 1032 2712 morte
1044 2651 1157 2712 Daretis

291 2733 441 2811 persolvo:
462 2732 511 2791 hic
526 2732 619 2791 victor
635 2748 747 2792 caestus
761 2750 912 2812 artemque
926 2734 1058 2812 repono.'

332 2813 464 2891 protinus
479 2815 592 2873 Aeneas
608 2813 697 2872 celeri
713 2829 823 2872 certare
838 2815 940 2890 sagitta

291 2893 406 2966 invitat,
422 2893 472 2973 qui
487 2894 563 2952 forte
578 2893 682 2966 velint,
698 2910 727 2952 et
742 2894 869 2972 praemia
883 2894 956 2953 dicit
965 2919 975 2967 ;

292 2973 463 3053 ingentique
478 2994 566 3034 manu
582 2975 691 3034 malum
706 2976 742 3034 de
758 2995 831 3034 nave
847 2975 953 3034 Seresti

292 3054 385 3130 erigit,
401 3071 431 3113 et
445 3055 594 3114 volucrem
610 3055 730 3114 traiecto
745 3055 776 3114 in
792 3056 864 3114 fune
879 3055 1055 3128 columbam,

292 3155 350 3215 quo
365 3135 489 3193 tendant
503 3135 622 3208 ferrum,
638 3137 714 3194 malo
729 3136 880 3214 suspendit
895 3137 931 3194 ab
945 3136 1014 3195 alto.

292 3234 456 3274 convenere
471 3215 535 3287 viri,
551 3215 753 3308 deiectamque
768 3237 850 3275 aerea
865 3232 971 3275 sortem
1122 3243 1158 3282 490

293 3294 406 3374 accepit
420 3294 520 3370 galea,
543 3310 572 3354 et
586 3296 695 3374 primus
710 3297 835 3356 clamore
851 3297 980 3356 secundo

531 3389 579 3450 486
597 3389 750 3452 ponit.491
769 3389 879 3452 primum.
