2568 4114
241 369 269 418 P.
286 368 430 417 VERGILI
448 369 605 419 MARONIS
622 371 789 420 AENEIDOS
806 371 869 420 LIB.
887 372 938 422 VII
1000 385 1045 434 231

182 500 297 558 Aurora
307 498 339 558 in
353 499 440 558 roseis
455 500 585 576 fulgebat
600 501 679 560 lutea
693 501 765 577 bigis
779 523 786 560 ι

183 600 250 639 curn
265 579 346 638 venti
360 601 491 658 posuere,
507 581 659 660 omnisque
674 597 795 660 repente
809 582 916 642 resedit

182 660 275 733 flatus,
291 660 366 720 etin
381 662 463 720 lento
477 662 626 722 luctantur
640 683 783 743 marrpore
798 677 906 724 tonsae.

183 757 270 820 atque
285 741 333 801 hic
348 742 486 803 Aeneas
477 758 628 820 ingentem
645 765 679 802 ex
695 764 817 823 aequore
832 745 932 804 lucum

180 822 330 901 prospicit.
371 824 475 883 hunc'
467 840 544 884 inter
558 823 647 884 fluvio
663 824 822 884 Tiberinus
836 845 971 899 amoeno,
1023 857 1049 897 30

180 903 337 962 verticibus
352 903 458 982 rapidis
472 920 502 964 et
516 906 609 965 multa
623 904 712 964 flavus
727 907 845 978 harena,

180 983 213 1042 in
228 1004 306 1043 mare
320 985 504 1063 prorumpit;
524 986 618 1046 variae
633 986 801 1064 circumque
815 1007 955 1066 supraque

181 1065 352 1124 adsuetae
329 1065 398 1144 ripis
413 1067 545 1125 volucres
560 1083 589 1127 et
604 1066 732 1126 fluminis
746 1067 829 1126 alveo

180 1147 297 1204 aethera
311 1146 482 1205 mulcebant
496 1162 585 1206 cantu
601 1148 727 1226 lucoque
741 1149 888 1208 volabant.

127 1275 134 1287 .
180 1225 321 1285 flectere
314 1242 369 1286 rter
383 1226 467 1286 sociis
482 1243 632 1307 terraeque
647 1229 797 1288 advertere
811 1250 907 1307 proras

181 1306 313 1385 imperat,
329 1323 358 1366 et
373 1308 465 1366 laetus
479 1308 568 1368 fluvio
584 1309 715 1368 succedit
728 1330 829 1388 opaco

220 1408 301 1447 nunc
316 1408 377 1465 age,
393 1388 442 1466 qui
458 1409 547 1465 reges,
563 1390 661 1462 Erato,
677 1411 751 1468 quae
766 1406 897 1468 tempora
910 1411 1016 1464 rerum,

179 1468 243 1547 quis
257 1468 342 1528 Latio
356 1469 477 1548 antiquo
491 1470 581 1530 fuerit
596 1487 695 1543 status,
709 1471 820 1530 advena
836 1473 955 1531 classem

180 1569 247 1608 cum
261 1549 388 1627 primum
402 1549 539 1609 Ausoniis
555 1552 697 1610 exercitus
712 1551 826 1630 appulit
840 1551 905 1625 oris,

181 1631 342 1710 expediam,
358 1646 388 1690 et
401 1631 512 1709 primae
527 1634 669 1691 revocabo
685 1633 801 1691 exordia
815 1652 939 1711 pugnae.
1020 1664 1047 1702 40

180 1727 211 1770 tu
226 1728 331 1783 vatem,
347 1727 388 1784 tu,
403 1712 479 1785 diva,
495 1733 593 1773 mone.
636 1713 731 1772 dicam
746 1713 859 1772 horrida
875 1714 961 1786 bella,

178 1792 275 1851 dicam
291 1792 374 1865 acies,
390 1809 526 1872 actosque
542 1793 646 1852 animis
662 1793 693 1851 in
708 1793 810 1851 funera
824 1813 913 1868 reges,
971 1843 972 1848 ,

179 1873 422 1951 Tyrrhenamque
438 1894 568 1946 manum,
585 1889 733 1966 totamque
747 1873 801 1932 sub
815 1894 891 1934 arma
906 1890 1038 1935 coactam

180 1954 364 2047 Hesperiam.
405 1955 497 2013 maior
511 1975 607 2014 rerum
623 1953 696 2012 mihi
711 1954 839 2014 nascitur
852 1955 945 2026 ordo,

178 2035 269 2094 maius
284 2056 355 2128 opus
369 2055 482 2096 moveo.
526 2055 576 2094 rex
591 2056 658 2094 arva
673 2035 793 2095 Latinus
808 2051 838 2095 et
852 2036 935 2096 urbes

178 2113 236 2174 iam
251 2117 347 2175 senior
361 2114 447 2192 longa
461 2116 613 2195 placidas
605 2138 637 2175 ιιι
651 2132 723 2194 pace
737 2118 864 2192 regebat.

178 2198 258 2256 hunc
273 2197 374 2256 Fauno
389 2213 418 2256 et
433 2198 563 2276 nympha
579 2196 710 2274 genitum
725 2198 872 2257 Laurente
888 2197 1002 2257 Marica

179 2278 336 2355 accipimus
349 2301 359 2346 3
380 2278 481 2338 Fauno
498 2277 589 2338 Picus
598 2293 700 2355 pater3
720 2277 801 2356 isque
815 2294 966 2355 parentem

179 2374 218 2432 te,
235 2360 365 2428 Saturne,
381 2360 492 2431 refert;
515 2376 546 2419 tu
563 2358 706 2435 sanguinis
721 2358 840 2418 ultimus
855 2374 963 2420 auctor.

179 2440 255 2499 filius
269 2440 337 2500 huic
352 2441 414 2499 fato
428 2441 526 2499 divom
541 2441 693 2518 prolesque
707 2439 797 2498 virilis
1022 2469 1047 2507 ⁵0

179 2522 261 2580 nulla
276 2522 343 2593 fuit,
357 2520 509 2599 primaque
525 2521 618 2580 oriens
635 2536 732 2599 erepta
746 2520 866 2580 iuventa
881 2535 933 2580 est.

179 2603 239 2660 sola
253 2603 372 2661 domum
388 2618 418 2661 et
433 2616 526 2660 tantas
543 2603 674 2660 servabat
687 2601 747 2661 filia
760 2600 851 2673 sedes,

179 2682 237 2742 iam
251 2698 363 2742 matura
377 2683 447 2754 viro,
464 2683 521 2741 iam
537 2683 632 2760 plenis
647 2682 754 2741 nubilis
769 2682 860 2742 annis.

179 2763 264 2822 multi
279 2763 362 2822 illam
376 2784 481 2840 magno
497 2785 513 2823 e
529 2764 614 2822 Latio
629 2778 746 2842 totaque
761 2764 902 2840 petebant

177 2843 330 2915 Ausonia3
350 2845 425 2940 petit
440 2860 509 2904 ante
525 2844 595 2903 alios
609 2844 820 2922 pulcherrimus
834 2863 936 2903 omnes

179 2924 307 2998 Turnus,
323 2927 380 2984 avia
395 2927 543 3021 atavisque
558 2941 672 3004 potens,
687 2945 775 3004 quem
790 2924 866 3000 regia
881 2923 1010 2984 coniunx

179 3005 296 3084 adiungi
311 3027 450 3083 generum
465 3009 539 3067 miro
554 3007 726 3086 properabat
740 3025 859 3076 amore3

179 3088 229 3145 sed
243 3088 328 3148 variis
342 3103 478 3166 portenta
492 3090 581 3147 deum
597 3087 752 3146 terroribus
766 3087 891 3148 obstant.

179 3169 274 3228 laurus
289 3183 349 3228 erat
364 3169 434 3228 tecti
450 3169 570 3228 medio
562 3189 593 3228 ιιι
608 3166 806 3245 penetralibus
819 3167 895 3240 altis,

179 3269 257 3309 sacra
271 3270 395 3320 comam,
411 3251 575 3330 multosque
591 3266 673 3308 metu
688 3263 798 3307 servata
811 3269 863 3327 per
876 3268 977 3320 annos,
1019 3264 1045 3304 σο

178 3351 266 3408 quam
281 3345 363 3408 pater
376 3331 537 3404 inventam,
552 3331 658 3409 primas
673 3349 741 3389 eum
757 3331 896 3389 conderet
909 3348 996 3399 arces,

178 3411 239 3489 ipse
255 3412 403 3472 ferebatur
418 3412 537 3472 Phoebo
552 3431 674 3470 sacrasse
689 3411 819 3482 Latinus,
