2556 4116
233 357 264 404 28

506 355 533 404 P.
551 355 693 404 VERGILI
711 355 868 404 MARONIS

274 487 381 565 quique
396 507 483 546 novas
498 485 572 545 alitis
586 507 644 545 non
661 487 721 546 ullo
735 487 844 546 semine
859 487 962 562 fruges,

274 567 382 647 quique
397 568 460 626 satis
477 568 587 644 largum
602 569 683 626 caelo
698 568 847 627 demittitis
862 567 984 626 imbrem
997 593 1007 640 ς

273 664 362 727 tuque
378 649 456 718 ade0,
473 669 559 726 quem
575 669 641 708 mox
657 670 730 728 quae
745 649 803 708 sint
817 649 949 708 habitura
963 650 1083 710 deorum

273 729 397 788 concilia
411 729 556 788 incertum
572 745 623 800 est,
640 730 761 788 urbesne
776 730 909 802 invisere,
925 730 1037 802 Caesar,

272 827 467 888 terrarumque
484 811 553 868 velis
569 831 678 881 curam,
695 827 723 869 et
738 827 766 869 te
781 811 921 868 maximus
935 810 1011 868 orbis

272 907 419 950 auctorem
436 891 551 967 frugum
567 907 828 969 tempestatumque
843 906 992 968 potentem

271 971 404 1048 accipiat,
419 971 538 1046 cingens
553 988 682 1031 materna
697 987 824 1049 tempora
839 987 932 1048 myrto
946 996 955 1041 ;

272 1073 308 1111 an
323 1053 392 1111 deus
406 1052 530 1112 inmensi
546 1053 643 1112 venias
659 1053 743 1111 maris
757 1073 789 1112 ac
805 1068 854 1111 tua
868 1068 970 1110 nautae

271 1133 393 1192 numina
407 1134 465 1192 sola
480 1134 587 1204 colant,
604 1133 656 1192 tibi
673 1133 776 1192 serviat
790 1133 892 1192 ultima
906 1133 1016 1204 Thule,

272 1230 358 1292 teque
373 1214 425 1272 sibi
440 1234 579 1289 generum
595 1215 709 1292 Tethys
725 1229 800 1274 emat
813 1214 946 1272 omnibus
961 1213 1067 1286 undis3
1136 1229 1139 1235 '

272 1315 346 1353 anne
362 1314 469 1352 novum
485 1295 570 1352 tardis
585 1295 660 1352 sidus
676 1311 704 1353 te
719 1295 863 1354 mensibus
878 1293 970 1366 addas,

271 1396 328 1455 qua
342 1374 422 1433 locus
438 1375 583 1451 Erigonen
600 1375 675 1434 inter
691 1376 853 1453 Chelasque
869 1392 1019 1454 sequentes

271 1455 427 1533 panditur;
449 1455 508 1532 ipse
524 1456 576 1514 tibi
592 1455 649 1514 iam
665 1455 797 1514 bracchia
812 1456 956 1515 contrahit
970 1455 1070 1515 ardens

274 1537 404 1614 Scorpios
421 1551 449 1595 et
464 1537 536 1594 caeli
551 1536 625 1595 iusta
639 1537 704 1614 plus
718 1553 796 1613 parte
811 1537 950 1616 reliquit3

272 1617 413 1696 quidquid
427 1617 590 1676 eris—nam
603 1633 634 1682 te
649 1638 703 1676 nec
719 1633 831 1694 sperant
845 1617 966 1676 Tartara
981 1637 1077 1693 regem

271 1719 326 1757 nec
342 1698 395 1756 ribi
410 1698 547 1774 regnandi
563 1699 660 1757 veniat
674 1713 733 1758 tam
746 1699 809 1757 dira
823 1698 937 1776 cupido,

272 1778 401 1858 quamvis
417 1780 527 1856 Elysios
542 1779 662 1838 miretur
677 1779 800 1838 Graecia
814 1799 928 1857 campos

272 1881 327 1918 nec
343 1860 462 1937 repetita
476 1860 556 1939 sequi
572 1877 655 1920 curet
672 1861 840 1938 Proserpina
854 1869 1032 1919 matrem—'

271 1941 308 2000 da
322 1941 438 2000 facilem
454 1961 569 2000 cursum
585 1958 670 2021 atque
686 1941 838 2000 audacibus
853 1943 947 2001 adnue
961 1941 1080 2019 coeptis,
1115 1972 1144 2008 40

272 2022 441 2100 ignarosque
455 2022 517 2080 viae
532 2042 649 2081 mecum
664 2022 811 2081 miseratus
826 2039 944 2098 agrestes

272 2103 420 2180 ingredere
435 2118 464 2161 et
478 2102 551 2162 votis
566 2103 623 2161 iam
638 2123 718 2162 nunc
734 2104 866 2162 adsuesce
881 2101 984 2162 vocari.

313 2205 380 2242 vere
396 2204 471 2242 novo
485 2179 596 2260 'gelidus
612 2184 690 2243 canis
704 2204 772 2242 cum
787 2184 932 2244 montibus
947 2205 1031 2243 umor

271 2265 393 2343 liquitur
407 2280 436 2324 et
451 2266 588 2360 Zephyro
602 2265 693 2342 putris
708 2285 736 2323 se
751 2265 849 2341 glaeba
862 2265 987 2336 resolvit,

272 2346 425 2424 depresso
417 2345 538 2424 incipiat
553 2347 610 2405 iarn
625 2362 688 2406 tum
704 2345 775 2404 milri
790 2362 885 2406 taurus
900 2361 990 2404 aratro

272 2427 427 2502 ingemere,
443 2443 472 2486 et
487 2429 568 2487 sulco
583 2428 695 2487 attritus
710 2427 907 2505 splendescere
922 2446 1029 2485 vomer.

272 2509 323 2567 illa
337 2529 413 2584 seges
428 2509 547 2568 demum
563 2509 635 2568 votis
650 2509 802 2586 respondet
817 2507 892 2566 avari

273 2589 422 2664 agricolae,
437 2589 480 2648 bis
494 2609 566 2669 quae
581 2591 681 2662 solem,
696 2589 739 2648 bis
753 2590 855 2665 frigora
870 2588 978 2658 sensit;

272 2668 372 2728 ἱῙΙίιιε
364 2689 511 2730 rnmensae
526 2686 667 2749 ruperunt
680 2674 780 2730 horrea
794 2691 906 2729 messes.

273 2766 301 2810 at
315 2751 392 2829 prius
407 2753 539 2828 ignotum
555 2753 630 2810 ferro
646 2773 732 2831 quam
742 2751 905 2814 scindimus
919 2770 1035 2830 aequor,

273 2847 373 2891 ventos
387 2849 416 2891 et
431 2833 542 2892 varium
558 2833 630 2892 caeli
645 2833 821 2911 praediscere
836 2851 945 2891 morem

272 2933 342 2972 cura
356 2913 391 2972 sit
406 2934 437 2972 ac
453 2914 556 2991 patrios
572 2915 724 3008 cultusque
740 2913 909 2992 habitusque
924 2914 1064 2982 locorum,

272 3009 302 3052 et
316 2994 386 3072 quid
400 3015 530 3073 quaeque
546 2995 617 3054 ferat
632 2995 710 3074 regio
725 3010 753 3053 et
767 2995 838 3073 quid
852 3015 981 3073 quaeque
996 3005 1117 3051 recuset.

274 3073 321 3132 hic
337 3090 454 3149 segetes,
469 3075 530 3134 illic
546 3076 669 3134 veniunt
684 3075 796 3134 felicius
811 3095 891 3168 uvae,

273 3155 382 3213 arborei
398 3155 473 3213 fetus
487 3155 566 3228 alibi,
581 3173 665 3234 atque
680 3156 784 3214 iniussa
798 3156 943 3214 virescunt

273 3234 409 3310 gramina.
452 3255 550 3294 nonne
564 3236 645 3296 vides
656 3255 770 3296 croceos
785 3251 818 3295 ut
832 3235 956 3294 Tmolus
971 3235 1079 3305 odores,

274 3315 358 3374 India
372 3316 462 3376 mittit
477 3316 556 3387 ebur,
572 3319 673 3377 molles
687 3334 736 3376 sua
750 3333 814 3376 tura
829 3316 937 3386 Sabaei,

619 3411 648 3474 36
660 3420 758 3475 sperent.
