2562 4114
245 367 292 427 34⁶
516 364 543 411 a.
561 361 705 410 venons
721 361 878 409 simonis

284 493 414 560 cassida;
450 507 514 550 tum
556 510 688 549 croceam
729 489 971 568 chlamydemque
1013 488 1161 569 sinusque

365 594 413 632 cre
437 587 517 630 antes

283 594 434 716 carbaseoi
446 653 529 710 fulvo
544 652 575 710 in
590 652 701 710 nodum
714 652 869 726 collegerat
883 671 961 720 auro,

283 738 378 816 pictus
393 755 447 793 acu
464 734 587 804 tunicas,
602 749 632 790 et
646 733 764 791 barbara
778 731 905 808 tegmina
920 751 1048 790 crurum.

283 821 363 876 hunc
379 816 469 892 virgo,
485 815 544 872 sive
560 829 592 872 ut
607 812 723 890 templis
737 812 904 890 praefigeret
918 832 995 871 arma

284 900 384 967 Trola,
400 895 518 973 captivo
532 893 591 952 sive
607 909 640 951 ut
655 914 684 950 se
698 893 786 952 ferret
801 893 924 964 insuto,

285 977 417 1037 venatrix
432 995 525 1034 unum
541 989 576 1032 ex
592 974 672 1032 omni
688 973 846 1032 certamine
860 993 973 1051 pugnae
1121 993 1162 1044 7⁸0

286 1079 370 1118 caeca
384 1056 569 1135 sequebatur,
583 1068 738 1133 totumque
752 1054 868 1113 incauta
883 1074 934 1132 per
947 1073 1052 1130 agmen

193 1167 198 1172 ·
287 1140 415 1198 femineo
430 1137 552 1215 praedae
567 1149 597 1194 et
612 1135 772 1212 spoliorum
786 1135 903 1193 ardebat
916 1153 1012 1193 amore
1027 1156 1035 1193 ε

287 1222 379 1279 telum
394 1239 431 1277 ex
445 1216 558 1276 insidiis
572 1235 642 1275 cum
658 1217 776 1274 tandem
792 1232 922 1292 tempore
936 1231 1022 1293 capto

287 1301 427 1369 concitat,
441 1314 471 1357 et
486 1318 603 1376 superos
618 1298 729 1356 Anuns
743 1296 782 1353 sic
797 1316 869 1354 voce
884 1311 1039 1373 precatur:

268 1389 398 1440 ‘summe
412 1380 513 1450 deum,
528 1378 619 1437 sancti
635 1392 732 1436 custos
747 1376 871 1436 Soractis
885 1376 1003 1454 Apollo,

287 1480 375 1540 quem
388 1458 475 1537 primi
491 1460 624 1529 colimus,
640 1458 688 1517 cui
703 1458 805 1535 pineus
820 1457 903 1515 ardor
918 1477 1019 1516 acervo

287 1540 422 1620 pascitur,
438 1554 467 1596 et
482 1539 613 1598 medium
628 1538 695 1596 freti
711 1539 817 1615 pietate
831 1537 993 1616 perignem

288 1622 413 1680 cultores
428 1618 522 1676 multa
537 1619 697 1694 premimus
712 1619 833 1694 vestigia
846 1639 949 1697 pruna,

288 1703 335 1773 da,
348 1715 440 1778 pater,
455 1700 512 1756 hoc
528 1697 632 1756 nostris
648 1698 756 1756 aboleri
771 1699 897 1758 dedecus
911 1699 1007 1771 armis,

289 1780 484 1858 omnipotens.
527 1799 586 1837 non
602 1778 728 1851 exuvias,
743 1781 879 1857 'pulsaeve
894 1794 1046 1857 tropaeum
1122 1809 1160 1850 790

289 1860 416 1939 virginis,
432 1875 483 1919 aut
497 1860 589 1936 spolia
605 1860 664 1918 ulla
678 1875 770 1938 pet0;
792 1860 864 1918 mihi
880 1877 975 1920 cetera
988 1861 1108 1919 laudem

289 1945 366 2003 facta
379 1942 498 2011 ferent;
518 1943 590 2000 haec
606 1941 667 1999 dira
682 1961 748 1999 meo
762 1941 833 2000 dum
846 1942 965 2000 vulnere
978 1941 1068 2018 pestis

289 2025 372 2103 pulsa
386 2023 480 2093 cadat,
493 2021 599 2099 patrias
614 2022 748 2080 remeabo
762 2021 900 2097 inglorius
916 2019 1017 2080 urbes?

291 2104 382 2163 audiit
396 2118 425 2161 et
440 2101 500 2160 voti
517 2102 653 2160 Phoebus
668 2103 822 2160 succedere
836 2118 948 2180 partem

291 2198 389 2243 mente
403 2182 495 2252 dedit,
509 2198 622 2260 partem
638 2183 769 2241 volucres
784 2183 915 2261 dispersit
930 2183 960 2240 in
976 2203 1054 2241 auras
1069 2205 1077 2241 ε

291 2278 433 2323 sterneret
448 2278 480 2321 ut
496 2263 591 2320 subita
605 2263 752 2322 turbatam
767 2279 859 2322 morte
875 2263 1040 2336 Camillam,

291 2343 392 2403 adnuit
406 2343 498 2402 oranti
512 2367 522 2414 ;
542 2344 681 2402 reducem
698 2359 730 2401 ut
744 2343 835 2420 patria
850 2345 907 2402 alta
920 2343 1041 2414 videret,

292 2445 351 2483 non
366 2423 458 2494 dedit,
472 2423 562 2502 inque
578 2424 675 2482 Notos
690 2443 792 2482 vocem
807 2441 918 2484 vertere
931 2425 1086 2502 procellae.

292 2525 368 2581 ergo,
384 2519 416 2563 ut
431 2502 516 2562 missa
530 2524 619 2562 manu
635 2504 764 2563 sonitum
778 2503 859 2564 dedit
872 2507 952 2564 hasta
965 2526 1017 2582 per
1032 2525 1125 2574 auras,

293 2601 460 2645 convertere
476 2584 587 2643 animos
603 2604 681 2644 acres
697 2585 855 2664 oculosque
870 2587 961 2645 tulere
1124 2603 1162 2643 800

293 2666 393 2726 cuncti
408 2665 445 2724 ad
458 2665 587 2741 reginam
602 2665 715 2725 Volsci.
756 2665 829 2724 nihil
845 2666 905 2744 ipsa
919 2687 1013 2745 neque
1027 2687 1115 2724 aurae

294 2768 349 2806 nec
365 2747 476 2805 sonitus
491 2765 613 2819 memor,
628 2762 679 2804 aut
693 2746 838 2805 venientis
853 2749 888 2807 ab
903 2749 1017 2807 aethere
1033 2747 1096 2820 teli,

294 2830 375 2886 hasta
388 2827 442 2886 sub
456 2842 598 2886 exsertam
614 2828 709 2886 donec
724 2828 834 2904 perlata
847 2827 985 2905 papillam

293 2909 395 2979 haesit,
411 2906 631 2985 virgineumque
647 2907 704 2966 alte
719 2907 793 2967 bibit
807 2924 871 2968 acta
885 2929 1026 2968 cruorem.

295 3002 474 3048 concurrunt
491 2988 621 3065 trepidae
636 2987 757 3047 comites
772 2988 978 3067 dominamque
994 3005 1128 3048 ruentem

295 3069 473 3146 succipiunt.
515 3067 590 3144 fugit
605 3083 673 3128 ante
688 3089 788 3128 omnes
803 3069 955 3129 exterritus
969 3071 1091 3140 Anuns,

296 3147 406 3208 laetitia
421 3148 574 3227 mixtoque
589 3166 679 3221 metu,
695 3170 749 3208 nec
765 3151 822 3208 iam
837 3151 960 3229 amplius
974 3153 1072 3209 hastae

297 3230 425 3299 credere,
440 3249 495 3287 nec
511 3229 575 3288 telis
589 3250 741 3290 occurrere
756 3231 873 3306 virginis
889 3232 985 3290 sudet.

297 3330 330 3368 ac
345 3309 426 3366 velut
441 3308 502 3379 ille,
516 3309 695 3388 priusquam
710 3311 768 3370 tela
781 3311 900 3370 inimica
915 3327 1080 3390 sequantur,

473 3399 517 3448 801
536 3417 602 3449 aurat
614 3402 682 3468 (gar.)
749 3404 796 3451 80⁶
813 3405 949 3467 suscipiunt.
