2562 4114
375 453 377 458 .
425 415 591 463 AENEIDOS
608 414 672 462 LIB.
690 415 729 462 XI
974 430 1019 478 343

159 561 221 604 tum
261 545 362 618 Lirim,
403 545 600 624 Pagasumque
641 565 748 622 super;
787 566 909 624 quorum
950 547 1021 604 alter

239 626 364 684 habenas
984 644 1022 695 670

158 706 277 764 suffosso
291 707 437 765 revolutus
453 727 528 785 equo
542 707 613 765 dum
628 707 750 783 colligit,
766 708 838 766 alter

158 787 228 844 dum
242 787 320 846 subit
333 808 366 846 ac
381 787 512 847 dextram
528 787 636 846 labenti
653 787 748 846 tendit
763 788 913 861 inermem,

157 867 330 944 praecipites
344 869 508 947 pariterque
522 885 620 927 ruunt.
663 868 707 926 his
722 868 802 926 addit
816 869 981 940 Amastrum

159 947 358 1026 Hippotaden,
375 949 561 1027 sequiturque
576 948 749 1007 incumbens
765 948 877 1008 eminus
891 951 973 1007 hasta

159 1029 311 1106 Tereaque
334 1029 590 1107 Harpalycumque
612 1045 640 1088 et
662 1029 888 1106 Demophoonta
912 1031 1005 1088 Chro-

239 1129 390 1187 mrmque3

158 1204 285 1268 quotque
301 1189 403 1248 emissa
417 1211 505 1250 manu
521 1190 661 1250 contorsit
675 1191 786 1268 spicula
799 1191 891 1267 virgo,

159 1285 202 1328 tot
218 1270 334 1347 Phrygii
349 1270 480 1330 cecidere
495 1271 559 1330 viri.
600 1273 702 1349 procul
719 1272 848 1348 Ornytus
863 1271 948 1330 armis

158 1350 263 1425 ignotis
279 1366 308 1410 et
323 1371 398 1430 equo
412 1368 533 1410 venator
550 1353 655 1429 Iapyge
670 1352 770 1424 fertur,

159 1432 206 1490 eui
221 1431 305 1508 pellis
319 1432 393 1490 latos
408 1452 521 1491 umeros
537 1447 634 1508 erepta
649 1432 773 1490 iuvenco

158 1512 311 1588 pugnatori
327 1513 431 1590 operit,
447 1529 535 1589 caput
550 1513 652 1588 ingens
667 1513 722 1570 oris
737 1513 832 1571 hiatus
986 1530 1025 1570 σεο

159 1609 187 1650 et
201 1592 294 1652 malae
310 1608 407 1652 texere
423 1593 485 1670 lupi
501 1612 569 1650 cum
584 1593 720 1651 dentibus
735 1592 815 1661 albis,

158 1672 330 1750 agrestisque
346 1693 447 1731 manus
463 1687 555 1730 armat
569 1694 675 1750 sparus.
696 1673 777 1751 ipse
793 1673 913 1732 catervis

158 1752 280 1811 vertitur
294 1752 324 1810 in
340 1753 453 1824 mediis,
468 1769 497 1812 et
513 1767 574 1812 toto
589 1753 698 1812 vertice
713 1774 796 1832 supra
812 1770 864 1814 est.

158 1835 237 1892 hunc
249 1833 299 1892 illa
314 1849 481 1910 exceptum,
497 1854 591 1926 neque
607 1833 686 1892 enim
701 1834 782 1892 labor
796 1835 909 1909 agmine
924 1855 1014 1906 verso,

159 1913 262 1986 traicit,
279 1929 307 1971 et
322 1914 516 1990 superhaec
509 1914 631 1972 mimico
645 1929 764 1996 pectore
780 1915 877 1972 fatur:

140 1994 236 2052 ‘silvis
252 2009 289 2066 te,
305 1993 472 2069 Tyrrhene,
488 1994 561 2050 feras
576 1993 683 2069 agitare
697 1993 826 2070 putasti?

159 2073 277 2132 aduenit
291 2073 341 2151 qui
356 2089 449 2131 vestra
465 2072 525 2130 dies
541 2072 729 2132 muliebribus
744 2073 828 2131 armis

158 2154 245 2212 verba
259 2153 445 2229 redarguerit.
490 2173 598 2212 nomen
615 2168 713 2212 tamen
727 2154 805 2212 haud
820 2155 882 2214 leve
896 2171 1010 2233 patrum

161 2233 300 2292 Manibus
315 2235 369 2294 hoc
384 2235 499 2306 referes,
515 2235 574 2292 telo
590 2234 725 2292 cecidisse
741 2233 902 2294 Camillae!

158 2315 290 2392 protinus
303 2315 490 2373 Orsilochum
507 2329 536 2374 et
549 2315 656 2386 Buten,
666 2314 725 2373 duo
736 2315 860 2374 maxima
873 2317 1023 2375 Teucrum

160 2416 278 2472 corpora
293 2416 300 2454 ι
322 2395 372 2454 sed
386 2396 483 2455 Buten
500 2416 630 2454 aversum
645 2395 765 2472 cuspide
780 2395 844 2453 fixit
986 2413 1022 2464 ⁶91

160 2477 278 2535 loricam
292 2478 461 2555 galeamque
477 2477 563 2548 inter,
578 2498 634 2555 qua
649 2476 725 2535 colla
740 2475 864 2536 sedentis
914 2477 917 2483 ’

159 2557 261 2616 lucent
276 2573 305 2616 et
320 2559 402 2616 laevo
417 2558 562 2637 dependet
577 2578 676 2636 parma
692 2557 821 2624 lacert03

161 2639 358 2733 Orsilochum,
373 2639 484 2715 fugiens
500 2658 697 2717 magnumque
712 2637 816 2714 agitata
829 2658 880 2715 per
894 2638 1001 2707 orbem,

161 2721 253 2779 eludit
267 2741 336 2798 gyro
351 2720 480 2792 interior,
496 2720 684 2799 sequiturque
701 2735 892 2798 sequentem

161 2817 222 2859 tum
238 2802 362 2860 validam
377 2819 485 2879 perque
501 2821 579 2858 arma
593 2801 655 2860 viro
668 2821 777 2879 perque
792 2821 852 2858 ossa
866 2799 999 2869 securim,

160 2882 244 2940 altior
259 2903 422 2958 exsurgens,
436 2881 530 2940 oranti
547 2897 576 2940 et
590 2883 683 2940 multa
696 2881 827 2959 precanti

161 2963 366 3038 congeminat3
386 2961 493 3020 vulnus
509 2961 640 3020 calido
618 2978 690 3038 rigat
706 2983 754 3021 ora
769 2962 896 3021 cerebro.

160 3043 265 3102 incidit
278 3043 347 3100 huic
363 3043 516 3120 subitoque
531 3058 648 3121 aspectu
665 3043 779 3102 territus
794 3043 885 3101 haesit

159 3122 411 3201 Appenninicolae
426 3123 550 3181 bellator
564 3123 640 3181 lilius
654 3123 743 3194 Auni,
986 3151 1022 3191 700

159 3203 237 3262 haud
252 3202 393 3279 Ligurum
409 3218 565 3274 extremus,
579 3203 650 3261 dum
665 3203 765 3262 fallere
780 3203 839 3260 fata
854 3201 994 3262 sinebant.

160 3283 250 3361 isque,
267 3283 315 3343 ubi
331 3303 360 3342 se
376 3285 458 3342 nullo
472 3284 529 3342 iam
544 3303 628 3342 cursu
643 3283 762 3342 evadere
776 3303 889 3361 pugnae

160 3385 241 3440 posse
257 3384 353 3443 neque
367 3364 525 3423 instantem
540 3363 670 3440 reginam
686 3379 813 3423 avertere
827 3363 930 3435 cernit,

369 3458 414 3518 671
434 3456 529 3508 suffuso.
596 3457 643 3519 672
661 3456 767 3508 inertem.
