2568 4114
465 375 631 424 AENEIDOS
649 371 711 426 LIB.
727 377 754 426 V

195 506 316 564 interior
330 503 481 584 spatioque
496 505 573 564 subit
588 506 734 581 Sergestus
749 506 860 586 iniquo,

195 586 299 644 infelix
315 587 388 644 saxis
403 587 434 644 in
448 587 683 665 procurrentibus
697 587 798 646 haesit.

195 687 351 726 concussae
366 682 473 739 cautes,
489 682 518 725 et
532 681 618 726 acuto
633 667 664 724 in
679 667 790 726 murice
803 668 876 726 remi

194 747 296 806 obnixi
311 767 458 824 crepuere,
473 747 616 825 inlisaque
629 767 713 825 prora
727 748 878 826 pependit.

195 829 374 903 consurgunt
388 843 503 900 nautae,
518 843 548 886 et
562 848 667 903 magno
682 828 808 886 clamore
823 844 981 902 morantur,

194 908 371 985 ferratasque
386 909 484 966 trudes
499 923 528 966 et
543 923 626 966 acuta
642 908 762 986 cuspide
776 924 876 967 contos

195 987 365 1065 expediunt,
381 988 544 1066 fractosque
560 989 685 1064 legunt
676 1009 707 1046 ιιι
722 989 855 1082 gurgite
847 1009 951 1049 remos.

194 1081 224 1126 at
238 1068 331 1127 laetus
347 1069 520 1127 Mnestheus
535 1089 726 1162 successuque
741 1069 833 1128 acrior
846 1069 909 1147 ipso
1023 1101 1061 1130 πο

194 1148 309 1224 agmine
323 1169 468 1208 remorum
483 1149 571 1208 celeri
586 1150 740 1227 ventisque
753 1149 862 1208 vocatis

192 1249 284 1306 prona
298 1230 374 1308 petit
387 1230 486 1302 maria,
501 1244 531 1288 et
544 1230 647 1308 pelago
661 1229 790 1289 decurrit
804 1244 913 1309 aperto.

193 1310 285 1387 qualis
300 1310 438 1388 spelunca
452 1309 548 1368 subito
563 1326 708 1369 commota
722 1311 866 1384 columba,

194 1389 241 1449 cui
255 1391 358 1448 domus
373 1405 402 1448 et
416 1390 516 1448 dulces
531 1391 674 1448 latebroso
688 1390 718 1449 in
733 1391 850 1470 pumice
865 1391 937 1462 nidi,

163 1493 165 1498 ·
193 1471 286 1528 fertur
300 1470 331 1528 in
346 1491 411 1528 arva
425 1471 534 1542 volans,
550 1471 743 1549 plausumque
757 1471 894 1530 exterrita
908 1471 1007 1550 pinnis

194 1550 244 1609 dat
258 1564 338 1610 tecto
351 1550 510 1626 ingentem,
526 1571 594 1608 mor
610 1561 673 1609 aere
688 1553 766 1630 lapsa
780 1552 881 1630 quieto
1066 1564 1067 1568 ’

193 1631 269 1690 radit
283 1631 338 1690 iter
352 1630 513 1725 liquidum,
523 1631 632 1691 celeres
648 1651 744 1710 neque
758 1646 923 1690 commovet
937 1632 1014 1690 alas:

194 1711 234 1770 sic
250 1711 471 1805 Mnestheus,
449 1733 489 1770 sic
505 1712 575 1804 ipsa
580 1712 647 1787 fuga
662 1726 740 1770 secat
754 1712 858 1770 ultima
873 1711 972 1770 Pristis

194 1811 327 1886 aequora,
342 1791 387 1850 sic
397 1792 478 1850 illam
494 1790 575 1850 fert
566 1807 692 1869 impetus
706 1791 768 1868 ipse
781 1791 938 1850 volantem.

193 1887 223 1930 et
236 1872 364 1950 primum
378 1872 410 1930 in
425 1872 545 1950 scopulo
560 1871 723 1929 luctantem
737 1871 843 1928 deserit
858 1871 918 1928 alto
1021 1902 1060 1930 220

194 1953 358 2028 Sergestum
372 1951 566 2044 brevibusque
581 1950 671 2022 vadis,
685 1951 848 2029 frustraque
862 1966 1016 2010 vocantem

192 2032 309 2104 auxilia,
325 2048 354 2090 et
368 2031 466 2090 fractis
480 2029 644 2089 discentem
658 2050 773 2089 currere
787 2031 882 2091 remis.

191 2113 262 2170 inde
277 2111 388 2189 Gyan
379 2129 528 2203 rpsamque
544 2110 657 2185 ingenti
672 2111 749 2169 mole
765 2111 950 2171 Chimaeram

191 2191 400 2284 consequitur;
415 2189 509 2282 cedit,
525 2190 664 2284 quoniam
678 2191 799 2268 spoliata
813 2192 948 2268 magistro
963 2208 1016 2251 est.

191 2271 291 2330 solus
283 2291 399 2363 tamque
413 2271 476 2350 ipso
491 2286 621 2370 superest
635 2271 666 2329 in
681 2271 738 2329 fine
754 2271 925 2345 Cloanthus,

192 2371 281 2430 quem
295 2351 379 2430 petit,
395 2367 425 2411 et
439 2353 558 2411 summis·
575 2351 697 2410 adnixus
711 2351 818 2410 viribus
833 2368 945 2428 urguet.

192 2447 256 2492 tum
269 2453 339 2491 vero
353 2432 513 2508 ingeminat
528 2434 646 2504 clamor,
661 2431 819 2510 cunctique
833 2448 1003 2510 sequentem

192 2513 332 2589 instigant
345 2513 457 2586 studiis,
473 2528 646 2592 resonatque
660 2512 819 2589 fragoribus
833 2515 942 2571 aether.

191 2594 222 2652 hi
215 2594 386 2688 ’proprium
401 2595 489 2653 decus
504 2608 534 2652 et
549 2608 666 2672 partum
680 2593 869 2669 indignantur
882 2595 1023 2652 honorem

192 2674 224 2733 ni
239 2689 369 2747 teneant,
383 2674 531 2753 vitamque
546 2674 650 2732 volunt
664 2695 717 2766 pro
730 2673 816 2732 laude
829 2672 956 2765 pacisci3
1019 2705 1056 2742 ψ

191 2758 244 2816 hos
259 2775 404 2815 successus
419 2754 488 2813 alit:
510 2769 640 2848 possunt,
656 2753 723 2832 quia
736 2773 820 2831 posse
833 2752 979 2812 videntur.

193 2851 223 2894 et
237 2836 294 2894 fors
309 2834 438 2914 aequatis
453 2835 597 2912 cepissent
611 2833 739 2912 praemia
753 2833 859 2906 rostris,
1094 2875 1108 2904 .,

193 2936 223 2973 nt
215 2915 347 2992 palmas
360 2930 453 2994 ponto
467 2915 590 2973 tendens
606 2928 742 2993 utrasque
757 2912 920 2972 Cloanthus

193 2995 371 3087 fudissetque
386 3016 494 3073 preces,
509 2994 672 3072 divosque
663 3013 695 3052 ιιι
710 3009 776 3052 vota
790 3009 935 3052 vocasset:

173 3081 182 3107 ⁴
192 3075 232 3148 ἀι,
242 3075 365 3168 quibus
358 3075 513 3153 imperium
524 3089 567 3133 est
576 3073 680 3153 pelagi,
691 3093 814 3164 quorum
826 3094 949 3153 aequora
960 3095 1053 3145 curro,

191 3155 272 3214 vobis
287 3156 379 3214 laetus
395 3175 448 3231 ego
461 3157 517 3233 hoc
532 3152 731 3214 candentem
723 3173 754 3211 rn
769 3153 854 3212 litore
868 3169 984 3214 taurum

191 3235 368 3327 constituam
382 3250 450 3294 ante
464 3255 533 3308 aras,
548 3234 608 3292 voti
623 3253 697 3305 reus,
713 3248 837 3312 extaque
850 3234 937 3294 salsos

191 3314 330 3393 proiciam
345 3314 506 3388 inductus,
521 3329 551 3373 et
567 3313 636 3372 vina
650 3313 793 3393 liquentia
807 3313 948 3374 fundam!

410 3407 456 3456 208
474 3409 548 3456 indta.
582 3406 628 3468 238
646 3406 774 3468 porriciam.
