2568 4114
245 349 291 399 206
517 347 543 395 P.
561 342 703 393 VERGILI
721 341 877 392 motus

288 481 346 539 iem
360 475 478 538 tandem
493 475 596 534 Italiae
611 473 754 550 fugientes
768 473 937 551 prendimus
950 493 1011 534 oras
1023 499 1033 546 3

287 562 342 619 hac
357 557 487 617 Troiana
500 572 584 616 tenus
599 554 688 614 fuerit
702 555 820 626 ¹fortuna
834 569 942 614 secuta.

287 661 337 700 vos
352 658 469 719 quoque
485 638 657 714 Pergsmeae
671 635 731 694 iam
744 635 786 694 fas
801 651 844 696 est
857 655 975 714 parcere
988 637 1077 712 genti,

287 721 375 799 dique
390 720 519 798 deaeque
532 737 642 790 omnes,
657 716 762 796 quibus
776 716 888 776 obstitit
902 716 993 774 Ilium
1007 732 1037 776 et
1050 717 1154 796 ingens

287 801 376 879 glorie
390 797 566 860 Dardrniae.
609 813 708 877 tuque,
723 817 741 856 o
755 797 932 856 sanctissima
946 812 1034 870 vates,

288 881 414 962 praescia
427 879 553 952 venturi,
568 879 705 938 da-non
720 877 852 938 indebita
864 897 952 956 posco

288 984 376 1040 regna
390 962 462 1021 meis
477 959 670 1020 fatis—Latio
684 958 834 1019 considere
849 959 991 1032 Teucros,

289 1059 473 1121 errantesque
486 1040 555 1100 deos
570 1040 733 1120 agitataque
747 1039 869 1099 numine
883 1039 1002 1100 Troiae.

289 1141 352 1185 turn
369 1124 485 1183 Phoebo
499 1136 529 1181 et
543 1121 664 1180 Triviae
678 1121 772 1180 solido
785 1121 822 1180 de
836 1139 976 1182 marmore
990 1121 1135 1198 templum

289 1205 449 1276 instituam,
465 1203 609 1282 festosque
624 1203 685 1260 dies
700 1201 737 1260 de
753 1201 873 1260 nomine
887 1201 1007 1261 Phoebi.
1130 1232 1156 1270 70

289 1302 319 1346 te
333 1305 449 1365 quoque
464 1303 568 1360 magns
582 1298 703 1342 manent
717 1282 811 1360 regnis
825 1283 986 1361 penetralia
1000 1283 1123 1354 nostris3

289 1368 338 1426 hic
354 1384 407 1442 ego
422 1385 548 1443 namque
564 1380 627 1424 tuas
642 1379 732 1423 sortes
746 1383 909 1442 arcanaque
924 1362 993 1435 fata,

289 1447 369 1507 dicta
382 1466 463 1504 meae
477 1445 569 1522 genti,
583 1465 690 1523 ponam
705 1446 853 1524 lectosque
867 1444 993 1516 sacrabo,

290 1528 375 1599 alme,
389 1526 475 1585 viros.
517 1525 595 1584 foliis
610 1541 724 1584 tentum
740 1545 777 1584 ne
792 1524 918 1584 carmina
932 1524 1046 1596 mande,

291 1629 328 1666 ne
343 1607 457 1667 turbate
470 1606 571 1665 volent
584 1606 690 1684 rapidis
705 1605 831 1665 ludibria
844 1606 957 1665 ventis:

290 1689 352 1767 ipsa
366 1709 451 1747 canas
465 1685 534 1748 oro.'
576 1686 665 1746 finem
679 1686 760 1746 dedit
775 1707 824 1746 ore
839 1685 987 1767 loquendi.

332 1785 371 1842 at,
387 1768 497 1828 Phoebi
513 1769 645 1827 nondum
659 1768 780 1846 patiens,
795 1767 922 1828 inmanis
936 1768 967 1826 in
982 1783 1068 1826 antro

291 1853 448 1910 bacchatur
461 1865 549 1921 vates,
564 1869 702 1928 magnum
717 1849 739 1908 si
753 1865 871 1928 pectore
885 1848 974 1928 possit

291 1931 446 1992 excussisse
460 1931 566 1990 deum:
589 1946 670 1990 tanto
684 1931 773 2008 magis
787 1930 838 1989 ilie
852 1931 951 2007 fatigat
1107 1987 1112 1998 ,

291 2034 321 2071 os
333 2011 473 2081 rabidum,
489 2012 549 2070 fera
564 2012 651 2071 corda
665 2012 795 2083 domans,
811 2010 951 2090 fingitque
966 2011 1137 2090 premendo.

291 2093 364 2152 ostia
378 2092 493 2170 iamque
507 2091 610 2152 domus
624 2110 742 2170 patuere
757 2092 888 2168 ingentia
902 2107 1022 2150 centum
1132 2109 1155 2148 s:

292 2189 394 2251 sponte
409 2193 459 2231 sua
472 2171 603 2252 vatisque
618 2172 717 2233 ferunt
732 2193 866 2251 responsa
879 2193 932 2252 per
945 2191 1046 2231 sures:

273 2259 310 2312 ‘o
325 2254 444 2312 tandem
458 2254 568 2331 magnis
582 2255 676 2332 pelagi
692 2255 831 2314 defuncte
845 2253 1003 2333 periclis-

292 2334 343 2394 sed
358 2350 449 2394 terrae
463 2335 592 2410 graviora
606 2350 745 2395 manent:
766 2335 797 2394 in
812 2354 899 2412 regna
914 2334 1019 2393 Lavini

291 2415 478 2475 Dardanidae
492 2416 623 2488 venient,
639 2417 723 2475 mitte
738 2418 813 2476 hanc
828 2415 864 2475 de
879 2432 996 2493 pectore
1011 2435 1121 2488 curam,

293 2497 343 2556 sed
358 2517 417 2555 non
433 2512 463 2556 et
478 2497 588 2556 venisse
603 2498 713 2557 volent.
755 2498 841 2570 bella,
856 2497 971 2557 horrida
985 2497 1072 2568 bella,

293 2593 323 2637 et
337 2577 483 2654 Thybrim
497 2579 591 2637 multo
605 2594 788 2658 spumantem
802 2579 942 2655 sanguine
956 2597 1054 2638 cerno.

294 2679 354 2718 non
370 2658 474 2717 Simois
488 2658 541 2717 tibi
557 2679 611 2718 nee
627 2660 761 2718 Xanthus
777 2680 831 2719 nec
846 2659 955 2719 Dorica
969 2674 1062 2718 cestre

293 2739 461 2811 defuerint;
483 2739 555 2798 alius
570 2739 656 2800 Latio
670 2741 729 2799 iam
743 2756 841 2819 partus
855 2741 995 2813 Achilles,

294 2836 378 2880 natus
393 2837 422 2880 et
435 2821 496 2900 ipse
511 2820 584 2892 dea3
606 2841 660 2881 nec
676 2821 801 2881 Teucris
816 2820 912 2880 addita
927 2823 1004 2880 Iuno

295 2921 415 2979 usquam
430 2900 544 2974 aberit3
566 2922 633 2963 cum
648 2918 680 2962 tu
696 2903 819 2981 supplex
833 2902 865 2960 in
880 2903 965 2961 rebus
980 2901 1079 2978 egenis

294 3003 363 3061 quas
377 2998 477 3059 gentes
493 2983 600 3042 Italum
616 2998 665 3043 aut
680 3003 748 3063 ques
763 3003 823 3042 non
838 2982 962 3042 oraveris
978 2981 1082 3042 urbes!

294 3082 378 3121 causa
391 3063 460 3122 mali
476 3065 549 3123 tanti
565 3065 695 3124 coniunx
710 3065 817 3123 iterum
831 3064 946 3142 hospita
961 3061 1096 3134 Teucris

294 3143 466 3222 externique
481 3144 588 3204 iterum
604 3145 734 3205 thalami.

294 3239 326 3282 tu
342 3243 379 3282 ne
394 3225 464 3282 cede
478 3225 569 3296 malis,
584 3227 634 3285 sed
648 3242 747 3287 contra
761 3226 911 3285 studentior
924 3225 976 3295 ito,

295 3325 351 3382 qua
366 3320 415 3364 tua
430 3319 460 3365 te
475 3305 590 3365 fortuna
605 3307 689 3366 sinet.
730 3306 776 3364 via
790 3306 881 3383 prims
895 3305 1003 3376 salutis,

458 3398 489 3459 84
505 3408 572 3448 terra.
606 3401 637 3464 96
654 3417 697 3463 qur
710 3399 792 3449 Seneca.
825 3415 895 3462 quam
907 3398 966 3448 codd.
