2558 4112
234 409 265 472 84

505 409 531 457 Ρ.
549 407 692 456 VERGILI
710 409 867 458 MARONIS

274 561 403 619 erupere,
419 556 468 598 aut
482 555 514 598 ut
528 560 618 598 nervo
632 539 766 618 pulsante
781 540 908 616 sagittae,

272 622 366 700 prima
381 620 481 680 leves
473 636 579 680 meunt
593 642 615 679 si
608 621 747 699 quando
762 622 871 698 proelia
886 621 993 682 Parthi.

314 702 376 781 quis
392 703 461 760 deus
476 703 561 772 hanc,
579 703 693 775 Musae,
708 701 771 779 quis
787 702 868 761 nobis
884 704 998 762 extudit
1012 711 1124 764 artem?

273 783 351 842 unde
367 804 441 842 nova
456 783 597 859 ingressus
612 783 765 842 hominum
780 783 960 860 experientia
974 786 1073 863 cepit?

226 887 229 893 ¹
271 879 367 943 pastor
381 864 527 922 Aristaeus
541 863 655 939 fugiens
671 865 780 922 Peneia
796 865 912 942 Tempe

272 945 391 1017 amissis,
408 961 440 1005 ut
454 946 539 1018 fama,
555 945 655 1022 apibus
670 945 828 1023 morboque
842 947 977 1024 fameque

273 1027 361 1084 tristis
376 1025 412 1084 ad
429 1025 548 1084 extremi
564 1045 676 1084 sacrum
690 1040 777 1102 caput
791 1025 902 1084 adstitit
915 1025 1008 1085 amnis

273 1108 366 1166 multa
381 1127 515 1185 querens,
531 1121 618 1184 atque
632 1107 687 1165 hac
702 1106 813 1164 adfatus
826 1127 900 1165 voce
914 1122 1084 1184 parentem:
1103 1139 1141 1177 320

255 1194 374 1260 ‘maten
391 1188 508 1265 Cyrene
522 1203 623 1260 mater,
638 1207 711 1264 quae
725 1187 842 1262 gurgitis
855 1187 942 1246 huius

272 1269 330 1328 ima
346 1284 438 1341 tenes,
454 1268 525 1347 quid
539 1288 585 1326 me
599 1267 746 1345 praeclara
760 1267 848 1345 stirpe
863 1267 1025 1327 deorum-

274 1350 296 1407 si
330 1349 426 1422 modo,
456 1369 545 1427 quem
576 1348 721 1426 perhibes,
749 1364 832 1425 pater
863 1363 906 1407 est
937 1351 1139 1428 Thymbraeus

354 1430 506 1508 Apollo-—

273 1510 399 1569 invisum
414 1511 479 1568 fatis
493 1509 635 1586 genuisti?
657 1525 705 1569 aut
719 1531 777 1588 quo
792 1509 845 1569 tibi
860 1511 951 1570 nostri

272 1591 371 1668 pulsus
386 1596 485 1649 amor?
506 1591 577 1669 quid
591 1611 638 1649 me
653 1591 767 1650 caelum
782 1612 895 1669 sperare
909 1591 1046 1651 iubebas?

273 1693 310 1730 en
326 1671 413 1730 etiam
427 1674 508 1730 hunc
523 1672 617 1749 ipsum
631 1671 707 1730 vitae
721 1672 851 1730 mortalis
865 1674 1015 1745 honorem,

272 1773 360 1830 quem
374 1752 447 1810 mihi
462 1753 511 1810 vix
526 1753 641 1829 frugum
656 1767 685 1810 et
698 1753 845 1829 pecudum
860 1752 989 1811 custodia
1003 1753 1104 1812 sollers

273 1833 371 1892 omnia
387 1832 541 1911 temptanti
558 1834 718 1905 extuderat,
734 1848 762 1892 te
777 1850 868 1892 matre
883 1833 1026 1911 relinquo.

273 1914 344 1992 quin
359 1935 409 1990 age
425 1931 454 1972 et
468 1914 528 1991 ipsa
539 1933 627 1972 manu
642 1914 742 1972 felices
758 1935 826 1972 erue
840 1915 933 1985 silvas,

273 1995 317 2053 fer
329 1995 446 2054 stabulis
457 1994 612 2054 inimicum
623 1994 721 2071 ignem
732 2011 819 2073 atque
829 1995 960 2053 interfice
972 2015 1087 2068 messes,
1102 2025 1142 2064 ³30

274 2097 324 2134 ure
340 2091 397 2134 sata
413 2091 442 2134 et
456 2075 581 2135 validam
596 2076 627 2133 in
641 2075 714 2135 vites
729 2077 832 2134 molire
847 2076 1016 2153 bipennem,

274 2171 354 2216 tanta
369 2176 450 2214 meae
465 2155 487 2214 si
503 2173 532 2215 te
547 2172 687 2234 ceperunt
702 2156 796 2215 taedia
811 2156 923 2215 laudis’

314 2251 343 2296 at
357 2252 449 2296 mater
463 2237 591 2296 sonitum
605 2239 733 2296 thalamo
748 2238 799 2296 sub
814 2236 942 2296 fluminis
956 2238 1007 2296 alti

274 2318 370 2377 sensit.
413 2339 477 2376 eam
491 2317 601 2377 circum
617 2318 734 2376 Milesia
748 2318 856 2376 vellera
871 2318 1029 2396 Nymphae

273 2399 429 2477 carpebant
443 2398 521 2475 hyali
536 2414 632 2458 saturo
645 2400 741 2458 fucata
756 2399 862 2472 colore,

273 2481 444 2574 Drymoque
459 2481 636 2558 Xanthoque
651 2480 798 2559 Ligeaque
814 2479 1062 2559 Phyllodoceque,

274 2561 427 2620 caesariem
443 2561 548 2618 effusae
563 2561 686 2619 nitidam
700 2560 889 2638 percandida
904 2559 990 2632 colla,

274 2640 403 2717 [Nesaee
418 2641 545 2719 Spioque
562 2640 728 2719 Thaliaque
743 2641 996 2734 Cymodoceque,]

275 2722 467 2800 Cydippeque
483 2737 512 2778 et
526 2721 599 2779 flava
614 2721 760 2798 Lycorias,
775 2721 905 2780 altera
878 2741 967 2797 virgo,

274 2802 363 2863 altera
378 2818 441 2861 tum
454 2801 562 2879 primos
576 2801 706 2861 Lucinae
722 2817 840 2880 experta
855 2803 973 2873 labores,
1102 2829 1142 2869 340

275 2882 400 2960 Clioque
417 2897 445 2942 et
461 2883 552 2941 Beroe
568 2903 655 2955 soror,
671 2883 859 2942 Oceanitides
873 2883 983 2952 ambae,

274 2963 374 3022 ambae
389 2985 467 3036 auro,
483 2963 567 3040 pictis
582 2964 728 3023 incinctae
742 2963 868 3042 pellibus
883 2963 992 3034 ambae,

274 3057 359 3120 atque
374 3045 489 3122 Ephyre
504 3060 590 3124 atque
605 3045 678 3122 Opis
694 3059 722 3102 et
735 3043 805 3102 Asia
819 3045 950 3136 Deiopea

274 3139 304 3181 et
318 3123 437 3183 tandem
451 3125 550 3203 positis
565 3125 650 3190 velox
663 3125 806 3183 Arethusa
820 3123 935 3200 sagittis

274 3203 351 3262 inter
364 3225 433 3281 quas
449 3226 547 3264 curam
562 3206 709 3283 Clymene
723 3205 878 3264 narrabat
870 3223 988 3262 inanem

273 3285 410 3356 Vulcani,
427 3285 589 3364 Martisque
604 3287 685 3344 dolos
700 3302 729 3344 et
742 3285 839 3343 dulcia
853 3285 937 3356 furta,

273 3385 348 3443 aque
364 3364 447 3422 Chao
461 3365 562 3424 densos
577 3367 675 3424 divom
690 3366 860 3424 numerabat
874 3385 994 3424 amores.

486 3472 532 3519 327
550 3475 665 3522 pecorum.
733 3473 777 3520 331
797 3460 886 3508 duram.
