2562 4114
545 1171 667 1233 LIBER
689 1170 842 1232 NONUS

301 1330 407 1400 Arqua
420 1347 453 1386 ea
467 1327 575 1386 diversa
588 1327 704 1404 penitus
718 1326 787 1386 dum
801 1342 881 1405 parte
896 1340 1043 1404 geruntur,

302 1410 373 1468 Irim
388 1408 423 1466 de
438 1409 519 1467 caelo
533 1407 610 1466 misit
625 1407 756 1468 Saturnia
769 1408 844 1466 Iuno

303 1489 440 1549 audacem
455 1487 651 1548 advTurnum.
692 1488 761 1547 luco
775 1502 837 1547 tum
853 1488 926 1547 forte
939 1489 1066 1566 parentis

303 1569 432 1630 Pilumni
447 1569 566 1628 Turnus
580 1583 686 1626 sacrata
699 1568 775 1627 valle
789 1567 913 1628 sedebat.

302 1653 338 1710 ad
351 1671 438 1731 quem
452 1649 491 1709 sic
506 1668 585 1708 roseo
600 1648 808 1708 Thaumantias
822 1669 870 1707 ore
886 1650 982 1710 locuta
995 1669 1060 1712 est:

283 1741 292 1768 ‘
306 1733 417 1804 Turne,
433 1729 511 1810 quod
524 1729 636 1808 optanti
652 1729 749 1788 divom
762 1729 930 1808 promittere
945 1751 1032 1791 nemo

301 1815 430 1885 auderet,
444 1810 585 1871 volvenda
599 1810 658 1868 dies
672 1831 708 1869 en
723 1810 823 1869 attulit
838 1812 924 1872 ultro.

300 1897 412 1954 Aeneas
427 1893 497 1953 urbe
512 1908 540 1952 et
554 1892 636 1952 sociis
651 1906 680 1950 et
694 1893 782 1950 classe
797 1891 897 1952 relicta

300 1991 413 2054 sceptra
428 1974 549 2034 Palatini
564 1974 718 2050 sedemque
732 1973 807 2050 petit
822 1973 957 2033 Euandri.
1250 2041 1251 2052 1

301 2076 356 2116 nec
370 2055 456 2116 satis:
478 2069 618 2114 extremas
634 2053 757 2131 Corythi
771 2055 934 2132 penetravit
947 2056 984 2114 ad
997 2055 1082 2116 urbes
1143 2087 1168 2116 ιο
1250 2055 1251 2074 l

300 2136 506 2215 Lydorumque
520 2156 639 2196 manum
654 2135 791 2194 collectos
805 2151 896 2195 armat
910 2151 1039 2212 agrestes.

300 2217 370 2295 quid
378 2217 506 2277 dubitas?
521 2237 601 2277 nunc
613 2233 727 2294 tempus
736 2236 832 2295 equos,
844 2237 922 2276 nunc
931 2238 1049 2295 poscere
1059 2240 1167 2278 currus.
1250 2187 1251 2258 l

299 2318 400 2376 rumpe
415 2318 505 2358 moras
519 2318 619 2358 omues
633 2314 662 2357 et
677 2297 790 2357 turbata
804 2298 895 2376 arripe
909 2300 1017 2359 castra?

299 2378 380 2450 dixit,
397 2394 426 2438 et
439 2379 469 2437 in
485 2381 599 2438 caelum
613 2378 727 2457 paribus
743 2399 771 2437 se
786 2379 900 2438 sustulit
914 2379 965 2437 alis

298 2458 503 2538 ingentemque
519 2460 585 2536 fuga
599 2460 690 2519 secuit
705 2459 757 2518 sub
772 2459 896 2519 nubibus
911 2481 1020 2521 arcum.

298 2539 432 2616 adgnovit
445 2540 554 2599 iuvenis
569 2541 757 2619 duplicesque
773 2540 808 2598 ad
822 2540 912 2600 sidera
925 2542 1033 2618 palmas

298 2619 421 2692 sustulit,
437 2641 469 2680 ac
486 2621 534 2680 tali
550 2621 709 2698 fugientem
725 2637 768 2680 est
783 2642 854 2681 voce
868 2637 1002 2683 secutus:

279 2701 346 2772 ‘lri‚
362 2700 449 2760 decus
464 2701 545 2772 caeli,
562 2702 625 2780 quis
641 2718 669 2760 te
685 2701 757 2761 mihi
773 2702 895 2761 nubibus
910 2717 1002 2762 actam

297 2781 403 2841 detulit
417 2782 447 2840 in
463 2787 570 2842 terras?
592 2783 668 2841 unde
683 2783 754 2842 haec
771 2799 830 2842 tam
845 2784 921 2842 clara
935 2799 1056 2862 repente

298 2867 470 2940 tempestas?
492 2863 621 2922 medium
637 2863 720 2922 video
735 2863 881 2922 discedere
896 2865 1008 2923 caelum
1070 2933 1072 2938 .
1145 2897 1174 2924 aa

296 2944 483 3038 palantesque
497 2944 566 3022 polo
579 2944 684 3003 stellas.
726 2964 829 3022 sequor
842 2945 939 3004 omina
953 2959 1041 3016 tanta,

296 3023 423 3118 quisquis
437 3025 468 3083 in
480 3044 560 3083 arma
573 3024 676 3083 vocas?
719 3037 748 3083 et
763 3025 801 3082 sic
817 3026 917 3084 effatus
932 3025 967 3083 ad
982 3025 1092 3086 undam

296 3105 431 3180 processit
442 3125 612 3183 summoque
627 3104 720 3164 hausit
735 3105 770 3162 de
785 3104 896 3181 gurgite
912 3107 1052 3184 lymphas,

296 3183 388 3242 multa
401 3183 469 3242 deos
483 3205 573 3278 orans,
589 3185 788 3279 oneravitque
789 3186 904 3244 aethera
917 3187 999 3245 votis.

336 3263 450 3341 iamque
464 3266 556 3323 omnis
571 3265 679 3358 campis
695 3265 837 3325 exercitus
851 3265 910 3326 ibat
925 3267 1038 3344 apertis,

196 3395 198 3402 ,
295 3343 374 3402 dives
388 3363 506 3422 equum,
521 3345 597 3404 dives
611 3347 701 3423 pictai
714 3346 798 3405 vestis
813 3361 842 3405 et
857 3346 939 3418 auri;

581 3455 609 3504 17
627 3451 658 3492 et.
723 3444 754 3491 26
772 3445 840 3505 picta.
