2558 4112
357 399 362 406 ι

508 451 534 499 Ρ.
552 449 694 498 VERGILI
712 451 869 499 MARONIS

275 581 498 660 haudquaquam
513 581 551 638 ob
566 579 701 638 meritum
716 600 834 657 poenas,
845 578 879 637 ni
896 579 955 639 fata
970 581 1113 653 resistant,

276 661 402 733 suscitat,
420 677 449 720 et
463 677 545 738 rapta
559 661 683 738 graviter
696 681 748 738 pro
763 660 885 737 coniuge
900 661 999 720 saevit.

275 743 326 800 illa
340 742 470 820 quidem,
486 743 556 800 dum
571 757 600 800 te
615 741 726 817 fugeret
740 762 791 818 per
805 741 926 800 flumina
940 762 1086 820 praeceps,

274 823 423 881 inmanem
438 839 504 881 ante
519 823 608 900 pedes
622 822 747 898 hydrum
762 823 897 881 moritura
911 823 1009 900 puella
1023 835 1026 841 '

274 919 436 963 servantem
451 903 526 981 ripas
542 904 599 961 alta
614 923 674 961 non
689 902 763 960 vidit
776 903 808 960 in
822 903 921 962 herba.

274 1001 304 1044 at
318 987 422 1044 chorus
437 984 563 1062 aequalis
578 983 730 1060 Dryadum
746 983 870 1042 clamore
885 1003 1032 1061 supremos
1103 1003 1143 1053 460

274 1065 424 1143 inplerunt
438 1081 574 1133 montes·
596 1063 702 1123 flerunt
718 1065 903 1142 Rhodopeiae
918 1085 996 1124 arces

275 1147 390 1224 altaque
407 1147 537 1222 Pangaea
554 1161 583 1204 et
600 1145 689 1203 Rhesi
706 1145 851 1203 Mavortia
866 1145 952 1204 tellus

273 1242 360 1305 atque
376 1227 470 1286 Getae
485 1243 572 1304 atque
589 1225 706 1284 Hebrus
719 1240 749 1284 et
762 1225 861 1284 Actias
876 1225 1022 1304 Orithyia.

273 1307 333 1385 ipse
348 1328 418 1365 cava
432 1307 526 1365 solans
542 1327 660 1383 aegrum
675 1306 820 1364 testudine
834 1327 962 1365 amorem

273 1403 312 1461 te,
328 1387 421 1446 dulcis
436 1388 575 1460 coniunx,
592 1403 622 1446 te
637 1387 720 1445 solo
713 1409 744 1444 rn
759 1387 844 1446 litore
859 1408 967 1460 secum,

273 1485 302 1527 te
313 1468 452 1526 veniente
467 1469 524 1540 die,
541 1485 570 1526 te
584 1468 748 1527 decedente
763 1468 896 1528 canebat.

273 1549 431 1607 Taenarias
447 1548 535 1607 etiam
550 1550 657 1621 fauces,
672 1549 731 1607 alta
745 1549 817 1607 ostia
832 1548 918 1622 Ditis,

274 1645 302 1688 et
316 1629 536 1706 caligantem'
507 1650 589 1706 nigra
604 1629 761 1688 formidine
776 1630 876 1688 lucum

272 1710 412 1786 ingressus
429 1711 593 1788 Manesque
609 1710 680 1768 adiit
695 1731 850 1789 regemque
864 1709 1049 1768 tremendum

272 1791 427 1870 nesciaque
441 1790 577 1850 humanis
588 1790 725 1868 precibus
740 1811 936 1851 mansuescere
951 1791 1045 1850 corda.
1102 1821 1142 1860 470

273 1888 302 1930 at
317 1889 404 1930 cantu
420 1888 582 1931 commotae
599 1871 687 1930 Erebi
703 1872 741 1930 de
755 1871 891 1930 sedibus'
883 1871 947 1929 nnis

272 1954 391 2011 umbrae
406 1953 486 2011 ibant
503 1968 604 2011 tenues
620 1953 829 2030 simulacraque
843 1953 909 2011 luce
924 1968 1084 2026 carentum,

273 2054 360 2111 quam
374 2034 466 2092 multa
481 2033 511 2090 in
527 2032 603 2091 foliis
620 2033 717 2091 avium
731 2053 760 2092 se
775 2033 855 2092 milia
870 2031 1011 2106 condunt,

272 2134 373 2191 vesper
387 2113 436 2172 ubi
453 2129 503 2172 aut
517 2113 656 2172 hibernus
670 2113 728 2189 agit
742 2113 778 2172 de
793 2113 940 2172 montibus
954 2078 1058 2185 imber,

248 2241 249 2246 κ
273 2210 376 2252 matres
392 2208 478 2272 atque
493 2194 547 2252 vin
539 2195 762 2273 'defunctaque
776 2214 895 2272 corpora
909 2194 968 2252 vita

273 2275 490 2351 magnanimum
505 2277 637 2369 heroum,
652 2275 734 2354 pueri
750 2275 948 2352 innuptaeque
963 2275 1087 2353 puellae,

273 2355 449 2433 inpositique
464 2355 537 2432 rogis
552 2356 672 2415 iuvenes
688 2372 756 2415 ante
770 2377 819 2414 ora
834 2371 1009 2433 parentum,

272 2457 342 2514 quos
358 2437 469 2495 circum
484 2437 570 2496 limus
586 2439 667 2513 niger
683 2452 712 2495 et
727 2437 864 2495 deformis
879 2437 1010 2496 harundo

273 2517 379 2594 Cocyti
396 2518 534 2595 tardaque
550 2518 631 2596 palus
646 2516 809 2576 inamabilis
824 2517 902 2576 unda

271 2598 380 2674 adligat
396 2615 425 2657 et
440 2599 560 2657 noviens
578 2599 647 2674 Styx
664 2597 804 2658 interfusa
820 2607 943 2657 coercet.
1101 2615 1141 2666 480

272 2679 343 2756 quin
358 2679 435 2757 ipsae
451 2695 585 2757 stupuere
601 2679 704 2737 domus
718 2695 804 2757 atque
819 2679 923 2738 intima
937 2678 1003 2736 Leti

272 2759 394 2819 Tartara
410 2760 615 2838 caeruleosque
631 2759 766 2838 inpiexae
781 2760 909 2818 crinibus
924 2779 1030 2834 angues

272 2839 459 2913 Eumenides,
477 2839 631 2917 tenuitque
646 2840 762 2898 inhians
778 2840 831 2900 tria
847 2841 990 2898 Cerberus
1005 2861 1053 2898 ora

272 2936 359 2998 atque
375 2921 484 2980 Ixionii
500 2937 589 2980 vento
604 2935 666 2980 rota
680 2921 810 2980 constitit
824 2921 909 2981 orbis.

271 2999 389 3078 iamque
403 3002 509 3080 pedem
525 3002 652 3060 referens
668 3021 748 3060 casus
762 3017 889 3060 evaserat
903 3021 1004 3069 omnes

271 3080 441 3160 redditaque
457 3082 600 3160 Eurydice
615 3103 728 3160 superas
742 3082 878 3140 veniebat
892 3082 928 3140 ad
942 3103 1021 3140 auras
1107 3079 1109 3087 ⁴

271 3181 348 3238 pone
377 3183 688 3240 sequens,-namque
716 3164 791 3221 hanc
821 3162 940 3222 dederat
969 3161 1140 3240 Proserpina

353 3242 488 3316 legem—

261 3342 339 3396 eum
354 3322 447 3381 subita
461 3323 612 3383 incautum
626 3323 774 3382 dementia
788 3323 868 3402 cepit
882 3339 1039 3396 amantem,

271 3402 447 3478 ignoscenda
462 3404 590 3480 quidem,
606 3405 713 3464 scirent
727 3404 749 3462 si
765 3405 914 3479 ignoscere
929 3406 1035 3462 Manes
1050 3427 1057 3463 :

294 3507 342 3560 455
360 3497 387 3544 ad
405 3497 524 3546 meritum.
623 3499 671 3559 460
689 3514 803 3560 supremo.
899 3498 947 3560 482
965 3499 1072 3548 innexae.
