2558 4112
411 365 611 414 oronorcon
629 365 692 413 ins.
709 365 748 413 111
810 408 812 416 ,
1000 380 1031 430 7³

165 499 201 557 ad
216 515 378 576 terramque
393 494 458 554 fluit
472 497 581 554 devexo
596 496 722 574 pondere
738 497 844 557 cervix:

166 579 238 658 quid
252 579 333 636 labor
346 593 396 636 aut
410 576 561 636 benefacta
575 576 697 636 iuvant?
718 577 789 656 quid
802 598 916 638 vomere
931 595 1017 638 terras

166 659 315 718 invertisse
330 662 449 735 graves?
472 657 550 736 atqui
566 679 625 716 non
641 658 766 717 Massica
781 659 887 717 Bacchi

167 761 298 810 munera,
313 759 372 797 non
387 738 446 797 illis
459 739 562 816 epulae
576 759 701 798 nocuere
715 753 844 816 repostae
858 761 867 813 ².

167 820 316 880 frondibus
331 836 360 878 et
372 820 453 894 ¹victu
468 834 624 898 pascuntur
638 820 777 897 simplicis
791 821 907 892 herbae,

166 903 272 980 pocula
286 916 354 960 sunt
368 901 462 960 fontes
476 901 579 980 liquidi
594 916 680 979 atque
696 901 822 960 exercita
837 921 920 960 cursu

167 982 298 1052 flumina,
314 1001 369 1040 nec
384 1001 498 1040 somnos
513 981 658 1059 abrumpit
672 1003 740 1040 cura
754 982 890 1042 salubres.
996 1011 1035 1051 530

167 1078 297 1140 tempore
313 1082 372 1121 non
387 1063 442 1120 alio
456 1063 558 1121 dicunt
573 1062 735 1138 regionibus
749 1062 807 1120 illis

167 1143 308 1222 quaesitas
323 1143 359 1201 ad
372 1164 449 1202 sacra
464 1144 550 1202 boves
565 1143 685 1200 Iunonis
699 1155 728 1202 et
744 1142 801 1201 uris

167 1224 315 1302 inparibus
329 1224 429 1282 ductos
443 1224 500 1282 alta
515 1224 551 1282 ad
564 1223 679 1282 donaria
693 1244 799 1283 currus.

168 1325 236 1382 ergo
250 1325 332 1381 aegre
347 1305 440 1362 rastris
456 1321 560 1363 terram
574 1304 715 1364 rimantur
728 1319 758 1364 et
772 1303 838 1384 ipsis

168 1385 314 1462 unguibus
328 1385 474 1444 infodiunt
489 1385 583 1460 fruges
597 1401 766 1464 montesque
780 1407 831 1464 per
846 1386 917 1445 altos

168 1482 307 1526 contenta
322 1467 433 1524 cervice
448 1469 566 1525 trahunt
580 1466 728 1526 stridentia
741 1467 875 1545 plaustra.

168 1569 228 1606 non
243 1548 328 1625 lupus
342 1547 459 1605 insidias
472 1549 599 1625 explorat
613 1547 700 1606 ovilia
713 1547 824 1606 circum

168 1649 224 1686 nec
239 1627 369 1704 gregibus
385 1642 543 1686 nocturnus
557 1629 744 1696 obambulat;
765 1628 855 1687 acrior
868 1627 953 1687 illum

169 1730 238 1767 cura
251 1709 372 1776 domat3
393 1709 487 1767 timidi
503 1709 633 1767 dammae
649 1709 782 1787 cervique
797 1709 912 1785 fugaces

168 1809 248 1849 nunc
264 1789 397 1868 interque
413 1810 497 1848 canes
512 1805 541 1848 et
556 1790 667 1848 circum
682 1804 758 1847 tecta
772 1805 917 1864 vagantur.
997 1817 1036 1857 ⁵40

169 1871 227 1930 iam
241 1871 326 1928 maris
341 1870 465 1928 inmensi
480 1871 591 1948 prolem
607 1886 636 1928 et
650 1889 740 1944 genus
754 1889 840 1928 omne
855 1883 1006 1928 natantum

170 1952 254 2010 litore
269 1952 300 2009 in
316 1967 454 2022 extremo,
470 1970 525 2009 ceu
540 1952 676 2026 naufraga
689 1971 817 2027 corpora,
831 1949 936 2010 fluctus

168 2032 299 2110 proluit3
319 2032 451 2090 insolitae
467 2031 583 2108 fugiunt
597 2031 629 2089 in
643 2030 764 2091 flumina
778 2033 896 2109 phocae.

169 2113 270 2172 interit
284 2127 314 2170 et
328 2113 422 2172 curvis
436 2113 540 2170 frustra
553 2113 670 2170 defensa
683 2113 798 2171 latebris

169 2193 267 2270 vipera
282 2209 311 2252 et
325 2193 439 2252 attoniti
456 2192 577 2272 squamis
592 2193 767 2251 adstantibus
782 2193 875 2270 hydri.

169 2274 238 2352 ipsis
254 2290 297 2332 est
311 2283 358 2332 abr
372 2274 471 2332 avibus
486 2294 545 2331 non
562 2294 677 2351 aequus,
694 2288 724 2331 et
738 2273 805 2332 illae

170 2355 341 2432 praecipites
356 2355 414 2413 alta
428 2354 518 2413 vitam
533 2355 584 2412 sub
599 2354 677 2412 nube
692 2353 872 2432 relinquunt.
947 2372 950 2381 ¹

169 2452 318 2514 praeterea
332 2435 390 2494 iam
405 2455 460 2494 nec
475 2435 581 2494 mutari
596 2435 702 2513 pabula
717 2435 806 2493 refert

170 2516 373 2595 quaesitusque
388 2532 498 2574 nocent
512 2533 585 2575 artes
598 2541 607 2587 ;
629 2536 738 2574 cessere
753 2513 889 2590 magistri,

171 2597 347 2674 Phillyrides
363 2597 475 2656 Chiron
492 2597 762 2674 Amythaoniusque
778 2595 956 2672 Melampus.
997 2621 1037 2660 550

170 2677 269 2748 saevit,
285 2692 314 2736 et
329 2677 361 2736 in
376 2678 474 2736 lucem
491 2678 596 2754 Stygiis
612 2678 712 2736 emissa
727 2676 852 2736 tenebris

168 2758 279 2836 pallida
294 2758 458 2836 Tisiphone
474 2759 594 2817 Morbos
609 2759 666 2834 agit
679 2774 747 2818 ante
763 2759 949 2834 Metumque,
1030 2789 1033 2796 ι

170 2838 260 2916 inque
274 2839 334 2896 dies
349 2839 464 2897 avidum
480 2859 596 2916 surgens
611 2854 698 2918 caput
712 2838 797 2896 altius
812 2837 904 2896 effert.

171 2919 268 2978 balatu
282 2939 421 2998 pecorum
438 2936 467 2978 et
481 2920 588 2979 crebris
603 2919 759 2995 mugitibus
774 2938 873 2977 amnes

171 3015 341 3079 arentesque
355 3015 458 3059 sonant
473 3000 552 3078 ripae
567 3001 712 3079 collesque
727 2999 833 3076 supini.

171 3079 285 3159 iamque
301 3081 471 3140 catervatim
486 3082 534 3139 dat
548 3097 668 3156 stragem
683 3096 769 3158 atque
785 3095 900 3155 aggerat
913 3079 981 3158 ipsis
1030 3081 1032 3087 '

170 3159 200 3218 in
216 3162 334 3219 stabulis
350 3161 426 3240 turpi
441 3162 549 3240 dilapsa
565 3162 701 3219 cadavera
716 3161 791 3234 tabo,

170 3241 264 3300 donec
279 3243 369 3300 humo
384 3257 481 3318 tegere
496 3263 529 3300 ac
544 3242 633 3299 foveis
648 3241 824 3300 abscondere
838 3241 964 3300 discunt.

171 3341 239 3380 nam
253 3343 350 3400 neque
364 3339 424 3382 erat
439 3322 524 3381 coriis
538 3343 603 3381 usus
617 3343 672 3382 nec
686 3322 795 3381 viscera
809 3323 961 3401 quisquam

289 3427 337 3478 534
354 3415 403 3477 ipsi.
471 3429 517 3480 549
535 3431 627 3464 cessare.
695 3428 739 3479 555
757 3415 884 3464 horrentes.
