2562 4114
427 377 595 428 AENEIDOS
614 379 677 428 LIB.
694 378 733 426 IX
986 382 1033 444 287

165 511 253 571 caede
267 510 366 569 locum
381 525 410 568 et
424 509 525 588 plenos
540 509 686 587 spumanti
701 509 838 585 sanguine
852 510 939 570 rivos.

165 592 343 666 adgnoscunt
357 590 448 669 spolia
460 589 538 649 inter
552 610 581 648 se
596 591 764 668 galeamque
780 591 926 658 nitentem

167 671 294 750 Messapi
309 685 339 730 et
353 671 446 730 multo
459 673 591 749 phaleras
606 671 709 730 sudore
724 687 864 750 receptas.

207 767 236 811 et
250 752 308 810 iam
321 751 415 830 prima
429 771 506 810 novo
521 752 670 830 spargebat
685 752 796 810 lumine
813 768 899 811 terras

165 833 292 892 Tithoni
308 851 443 892 croceum
458 832 594 912 linquens
608 833 719 891 Aurora
734 833 853 892 cubile:
906 833 910 841 '
997 854 1035 902 4⁶0

166 914 223 973 iarn
238 914 297 973 sole
311 913 417 987 infuso,
433 913 491 972 iam
506 915 591 973 rebus
607 913 674 972 luce
688 914 815 986 retectis,

167 995 286 1052 Turnus
301 993 331 1052 in
346 1013 426 1053 arma
439 994 524 1066 viros,
540 995 625 1052 armis
639 994 835 1054 circumdatus
848 995 918 1072 ipse,

166 1075 292 1148 suscitat,
307 1091 469 1153 aeratasque
484 1075 559 1132 acies
574 1074 605 1132 in
619 1074 729 1152 proelia
744 1075 822 1151 cogit

166 1156 286 1236 quisque
301 1176 373 1228 suas,
387 1155 529 1233 variisque
544 1169 655 1213 acuunt
668 1154 830 1214 rumoribus
843 1156 908 1216 iras.

165 1235 238 1316 quin
253 1236 314 1314 ipsa
328 1235 551 1294 arrectis-visu
566 1235 801 1294 miserabile—in
815 1237 902 1296 hastis

164 1317 327 1394 praefigunt
340 1315 435 1393 capita
449 1331 479 1375 et
492 1316 587 1375 multo
601 1316 727 1375 clamore
742 1333 900 1395 sequuntur

167 1397 284 1474 Euryali
299 1411 329 1454 et
343 1396 420 1455 Nisi.

165 1477 322 1537 Aeneadae
336 1477 401 1535 duri
416 1497 564 1537 murorum
578 1479 609 1537 in
624 1493 704 1557 parte
719 1479 833 1538 sinistra

165 1578 325 1637 opposuere
340 1558 544 1617 aciem-nam
558 1559 677 1618 dextera
691 1559 819 1634 cingitur
832 1559 954 1618 amni-

165 1639 355 1717 ingentesque
370 1653 472 1698 tenent
487 1640 573 1698 fossas
588 1653 618 1698 et
633 1640 760 1699 turribus
776 1640 838 1698 altis
997 1671 1035 1707 470

166 1735 243 1778 stant
257 1720 357 1778 maesti
370 1743 379 1788 3
400 1720 486 1779 simul
501 1741 550 1778 ora
564 1721 658 1799 virum
673 1721 797 1798 praelixa
810 1722 978 1791 movebant,

167 1816 235 1860 uota
249 1800 336 1860 nimis
350 1800 460 1860 miseris
475 1816 593 1878 atroque
608 1800 729 1859 fluentia
744 1802 819 1860 tabo.

206 1881 318 1940 interea
332 1881 464 1959 pavidam
479 1881 602 1939 volitans
616 1881 737 1957 pinnata
751 1900 803 1959 per
816 1881 918 1940 urbem

166 1963 269 2021 nuntia
283 1963 369 2021 Fama
382 1961 440 2020 ruit
454 1961 611 2039 matrisque
626 1960 769 2019 adlabitur
784 1981 866 2020 aures

166 2043 295 2121 Euryali.
337 2059 365 2100 at
380 2041 489 2100 subitus
505 2041 624 2099 miserae
634 2041 713 2099 calor
726 2062 786 2100 ossa
800 2042 917 2122 reliquit
930 2069 938 2114 3

166 2124 277 2182 excussi
292 2123 424 2181 manibus
438 2121 509 2180 radii
523 2122 710 2200 revolutaque
724 2142 822 2199 pensa.

167 2204 261 2263 evolat
275 2203 379 2262 infelix
394 2219 423 2262 et
437 2202 566 2260 femineo
581 2203 703 2276 ululatu,

166 2284 250 2343 scissa
263 2303 386 2353 comam,
401 2304 496 2342 muros
512 2303 609 2342 amens
625 2299 710 2362 atque
725 2285 839 2360 agmina
853 2305 937 2344 cursu

166 2364 260 2442 prima
273 2364 355 2441 petit,
371 2384 430 2422 non
446 2364 496 2422 illa
509 2364 614 2436 virum,
630 2385 689 2422 non
704 2365 755 2422 illa
768 2365 871 2442 pericli

167 2445 349 2523 telorumque
377 2465 508 2516 memor;
536 2445 650 2504 caelum
678 2445 786 2504 dehinc
812 2446 960 2526 questibus
987 2447 1033 2505 in-

247 2526 330 2604 plet:
983 2545 1034 2594 uso

147 2608 246 2666 ‘hunc
262 2625 314 2682 ego
329 2621 368 2678 te,
382 2607 517 2684 Euryale,
531 2607 661 2686 aspicio?
682 2621 752 2666 tune
767 2608 817 2665 ille
831 2622 965 2666 senectae

168 2708 228 2746 sera
242 2707 323 2747 meae
338 2688 459 2766 requies,
474 2688 593 2766 potuisti
610 2689 743 2767 linquere
758 2688 856 2760 solam,

167 2768 315 2826 crudelis?
337 2788 390 2827 nec
407 2784 446 2840 te,
461 2769 514 2827 sub
529 2783 608 2827 tanta
622 2769 750 2846 pericula
764 2768 890 2839 missum,

168 2847 257 2905 adfari
273 2864 436 2908 extremum
451 2849 570 2907 miserae
586 2850 651 2908 data
666 2850 749 2926 copia
763 2849 870 2909 matri?

167 2930 236 2999 heu,
251 2944 323 2987 terra
339 2930 437 3006 ignota
452 2929 572 2988 canibus
587 2930 653 2988 data
667 2930 772 3007 praeda
786 2929 898 2988 Latinis

168 3008 339 3108 alitibusque
354 3010 436 3083 iaces,
454 3031 507 3070 nec
523 3025 552 3068 te
567 3026 616 3069 tua
631 3010 732 3068 funera
747 3025 837 3069 mater

168 3090 289 3166 produxi
303 3091 427 3168 pressive
442 3093 539 3150 oculos
554 3107 603 3150 aut
617 3092 736 3150 vulnera
749 3090 816 3163 lavi,

168 3185 246 3228 veste
262 3186 369 3246 tegens,
385 3171 437 3229 tibi
453 3192 539 3251 quam
554 3187 653 3230 noctes
668 3172 772 3231 festina
785 3172 902 3252 diesque

168 3251 323 3325 urguebam
337 3267 367 3309 et
381 3253 438 3310 tela
453 3271 534 3311 curas
549 3252 659 3311 solabar
672 3252 771 3313 aniles.

169 3352 226 3408 quo
240 3336 366 3410 sequar?
387 3349 436 3391 aut
450 3353 522 3412 quae
538 3353 617 3392 nunc
632 3348 707 3392 artus
719 3335 872 3414 avulsaque
883 3335 1011 3393 membra

125 3423 175 3488 456
192 3427 261 3486 pleno
277 3434 419 3486 spumantes.
481 3426 527 3488 481
546 3427 594 3476 illa.
658 3427 709 3488 484
725 3429 842 3478 extremis.
906 3427 954 3491 485
972 3428 1032 3474 date.
