2558 4112
429 325 596 374 AENEIDOS
613 326 677 374 LlB.
694 327 707 374 I

156 459 306 519 disiectam
318 457 436 515 Aeneae
452 472 512 516 toto
526 457 604 516 videt
619 478 740 536 aequore
755 458 882 528 classem,

156 539 293 600 fluctibus
307 559 452 616 oppressos
467 538 558 596 Troas
573 539 703 616 caelique
718 538 808 608 ruina,

156 641 211 680 nec
228 621 337 679 latuere
352 618 411 678 doli
426 620 543 678 fratrem
558 620 679 678 Iunonis
694 635 723 678 et
737 620 803 680 irae.
990 652 1028 691 130

156 703 268 761 Eurum
283 701 318 758 ad
333 720 361 759 se
377 701 604 778 Zephyrumque
615 689 711 772 ‘vocat
727 701 832 759 dehinc
849 701 915 760 talia
930 703 1026 762 fatur:

199 788 334 841 ‘tantane
348 801 396 838 vos
411 781 523 856 generis
537 781 632 840 tenuit
647 781 751 840 fiducia
765 782 874 842 vestri?

156 864 214 922 iam
229 863 342 920 caelum
358 877 518 940 terramque
533 881 599 920 meo
613 862 674 920 sine
688 862 819 934 nurnine,
835 863 924 934 venti,

156 944 289 1014 miscere,
304 958 333 1001 et
347 958 437 1002 tantas
453 943 562 1001 audetis
577 943 677 1002 tollere
692 944 805 1002 moles?
835 961 840 974 ’

156 1045 228 1103 quos
243 1024 354 1098 ego-l
378 1024 428 1082 sed
442 1039 534 1082 motos
547 1041 668 1100 praestat
683 1044 855 1101 componere
870 1023 975 1085 fluctus
991 1048 998 1083 ι

156 1121 221 1184 post
236 1105 307 1162 mihi
323 1123 382 1162 non
398 1104 483 1161 simili
499 1125 592 1181 poena
606 1105 756 1163 commissa
771 1105 863 1163 luetis.

157 1201 298 1245 maturate
312 1185 420 1260 fugam,
434 1185 552 1263 regique
566 1185 637 1244 haec
652 1185 742 1244 dicite
755 1201 847 1243 vestro
862 1208 869 1244 :

157 1288 216 1325 non
233 1266 277 1324 illi
291 1266 445 1343 imperium
460 1265 552 1343 pelagi
567 1285 740 1344 saevumque
756 1265 920 1336 tridentem,

158 1348 208 1406 sed
221 1347 294 1406 mihi
309 1362 382 1406 sorte
396 1347 506 1407 datum.
547 1361 629 1405 tenet
643 1347 693 1405 ille
708 1345 836 1406 inmania
850 1367 924 1416 saxa,

158 1445 271 1499 vestras,
287 1429 372 1498 Eure,
387 1428 487 1488 domos
500 1453 510 1498 3
531 1427 582 1486 illa
596 1449 624 1486 se
640 1427 726 1487 iactet
740 1427 771 1485 in
787 1428 851 1488 aula
990 1457 1027 1495 140

157 1510 266 1568 Aeolus
281 1524 310 1567 et
325 1509 422 1568 clauso
436 1524 588 1567 ventorum
604 1529 717 1568 carcere
732 1508 850 1584 regnet!

198 1590 237 1648 sic
253 1589 301 1660 ait,
317 1606 346 1648 et
360 1589 438 1648 dicto
453 1589 537 1648 citius
551 1589 662 1649 tumida
676 1610 796 1668 aequora
810 1590 913 1667 placat,

158 1671 350 1750 collectasque
364 1671 443 1746 fugat
458 1671 548 1729 nubes
563 1671 710 1748 solemque
725 1671 847 1731 reducit.

158 1751 321 1829 Cymothoe
335 1751 419 1810 simul
434 1767 464 1810 et
479 1751 586 1810 Triton
602 1752 723 1810 adnixus
738 1767 823 1811 acuto

157 1833 316 1891 detrudunt
330 1853 416 1891 naves
430 1833 548 1910 scopulo
563 1857 572 1903 ;
593 1832 669 1890 levat
684 1833 744 1909 ipse
759 1830 876 1892 tridenti

158 1929 186 1972 et
201 1929 290 1972 vastas
304 1914 394 1990 aperit
410 1915 505 1990 Syrtes
520 1929 549 1974 et
564 1929 704 1990 temperat
719 1933 833 1992 aequor,

158 2010 243 2072 atque
258 1994 326 2052 rotis
341 2013 463 2053 summas
479 1995 589 2054 levibus
603 1995 761 2072 perlabitur
776 1993 875 2054 undas.

158 2095 189 2133 ac
205 2075 296 2133 veluti
311 2074 459 2150 magnoin
474 2077 583 2154 populo
597 2095 665 2134 cum
680 2096 763 2153 saepe
778 2091 874 2136 coorta
889 2090 930 2134 est

158 2156 267 2226 seditio,
283 2156 428 2234 saevitque
442 2155 543 2214 animis
558 2155 685 2230 ignobile
700 2157 810 2232 vulgus,

157 2236 272 2315 iamque
287 2237 363 2295 faces
378 2252 407 2296 et
422 2257 487 2295 saxa
500 2237 718 2296 volant—furor
732 2258 809 2296 arma
823 2236 1007 2296 ministrat—-

157 2333 221 2376 tum
235 2317 342 2395 pietate
356 2337 471 2392 gravem
486 2333 514 2376 et
530 2317 637 2376 meritis
652 2318 674 2376 si
689 2319 764 2376 forte
779 2317 872 2376 virum
887 2336 974 2394 quem
990 2343 1026 2382 151

158 2418 344 2475 conspexere,
358 2398 444 2457 silent
458 2399 630 2478 arrectisque
646 2399 759 2457 auribus
774 2397 884 2456 adstant
896 2421 905 2466 ;

157 2478 208 2536 ille
223 2479 296 2554 regit
311 2479 394 2538 dictis
409 2479 529 2551 animos,
545 2497 573 2538 et
588 2495 704 2558 pectora
718 2479 848 2538 mulcet:

157 2559 198 2618 sic
213 2574 337 2618 cunctus
351 2559 445 2637 pelagi
460 2560 567 2642 cecidit
583 2562 685 2636 fragor,
701 2580 822 2638 aequora
835 2573 986 2637 postquam

156 2640 332 2719 prospiciens
348 2641 461 2717 genitor
474 2643 612 2718 caeloque
627 2642 759 2700 invectus
774 2654 872 2718 aperto

156 2719 250 2780 flectit
264 2742 351 2799 equos
366 2727 509 2799 curruque
524 2723 622 2780 volans
637 2722 685 2781 dat
700 2721 762 2780 lora
775 2720 911 2780 secundo.

134 2817 140 2829 ·
198 2802 302 2861 defessi
316 2803 478 2874 Aeneadae,
494 2823 566 2882 quae
581 2802 713 2879 proxima
727 2801 820 2873 litora,
835 2821 918 2861 cursu

156 2883 340 2942 contendunt
354 2900 462 2961 petere,
476 2899 506 2941 et
519 2883 627 2960 Libyae
643 2897 795 2942 vertuntur
809 2882 843 2940 ad
858 2902 928 2941 oras.

156 2963 245 3022 estin
261 2984 370 3022 secessu
385 2965 471 3040 longo
486 2964 566 3023 locus
581 2988 588 3023 :
610 2964 704 3023 insula
718 2979 833 3042 portum

156 3043 244 3103 efficit
259 3044 375 3104 obiectu
390 3045 521 3115 laterum,
537 3043 640 3124 quibus
655 3045 749 3104 omnis
764 3045 798 3102 ab
813 3045 872 3103 alto
989 3061 1027 3102 160

156 3124 297 3200 frangitur
311 3125 400 3204 inque
414 3126 492 3185 sinus
507 3126 614 3184 scindit
628 3146 687 3183 sese
703 3125 780 3184 unda
794 3125 935 3184 reductos.

155 3205 226 3264 hinc
241 3222 327 3285 atque
342 3207 411 3266 hinc
426 3223 521 3265 vastae
536 3227 619 3284 rupes
633 3205 797 3285 geminique
813 3205 960 3264 minantur

156 3285 187 3344 iu
202 3288 317 3346 caelum
332 3287 488 3382 scopuli,q
508 3306 591 3345 orum
607 3287 780 3346 subvertite
795 3288 850 3346 late

155 3387 279 3448 aequora
293 3383 355 3426 tuta
369 3368 419 3426 sile
438 3375 440 3381 ’
458 3386 484 3452 ,ξ
577 3366 653 3426 silvis
669 3388 770 3426 scaena
784 3366 909 3427 coruscis
