2558 4112
239 363 283 411 104
508 351 535 400 ι.
553 349 695 398 venunt
712 350 870 398 MARotvIs

276 499 366 541 matre
381 483 434 540 dea
448 497 624 539 monstrante
639 480 723 550 viam,
739 481 803 540 data
816 481 874 538 fata
888 493 1025 552 secutus,

268 563 325 621 vix
341 578 451 656 septem
465 562 618 621 convulsae
634 561 717 620 undis
732 562 866 654 Euroque
881 578 1042 640 supersunt.
1118 600 1123 614 ι

276 644 336 721 ipse
351 644 474 719 ignotus,
490 663 585 718 egens,
600 643 709 720 Libyae
722 642 853 701 deserta
846 663 974 720 peragro,

277 725 390 801 Europa
405 739 489 801 atque
504 724 572 783 Asia
585 721 701 818 pulsus?
742 743 797 783 nec
811 723 894 800 plura
907 741 1078 804 querentem

276 825 354 884 passa
368 805 470 864 Venus
485 805 616 863 medio
596 825 635 863 ιιι
651 805 784 863 interfata
798 804 896 864 dolore
911 821 975 865 est:

318 885 460 964 ‘quisquis
476 905 513 956 es,
529 886 614 955 haud,
630 886 725 957 eredo,
741 885 848 944 invisus
862 886 1033 946 caelestibus
1047 907 1126 946 auras

276 967 375 1025 vitales
390 967 489 1043 carpis,
506 966 627 1044 Tyriam
642 967 691 1046 qui
705 966 853 1025 adveneris
868 967 978 1026 urbem.

276 1068 362 1126 perge
377 1047 463 1106 modo
478 1062 563 1124 atque
577 1048 646 1106 hinc
663 1062 691 1105 te
705 1047 819 1122 reginae
834 1047 870 1106 ad
884 1047 986 1106 limina
1000 1049 1103 1126 perfer.

277 1149 400 1206 namque
416 1128 469 1188 tibi
483 1128 603 1187 reduces
618 1128 707 1186 socios
721 1129 897 1207 classemque
911 1129 1030 1188 relatam
1105 1157 1144 1198 ³90

276 1209 381 1268 nuntio
396 1225 424 1267 et
438 1209 469 1267 in
485 1225 581 1268 tutum
595 1209 682 1267 versis
695 1208 889 1288 Aquilonibus
903 1223 1005 1279 actam,

275 1289 307 1348 ni
322 1290 424 1348 frustra
439 1290 589 1364 augurium
602 1290 669 1348 vani
683 1289 807 1349 docuere
821 1305 962 1368 parentes.

277 1371 370 1448 aspice
384 1371 426 1428 bis
442 1390 524 1429 senos
538 1371 676 1431 laetantes
691 1371 804 1447 agmine
818 1391 933 1448 cycnos,

277 1450 401 1510 aetheria
415 1472 486 1529 quos
500 1453 577 1529 lapsa
591 1454 673 1528 plaga
687 1451 762 1510 Iovis
777 1453 834 1511 ales
849 1469 947 1530 aperto

277 1531 408 1590 turbabat
423 1533 524 1603 caelo;
546 1553 624 1592 nunc
640 1547 726 1592 terras
740 1532 839 1594 ordine
853 1534 940 1609 longo

276 1629 325 1672 aut
339 1632 441 1690 capere
457 1629 505 1671 aut
520 1629 615 1691 captas
629 1613 686 1672 iam
700 1614 863 1690 despectare
877 1613 1034 1674 videntur:

277 1708 309 1752 ut
322 1693 441 1752 reduces
456 1693 500 1752 illi
516 1694 621 1753 ludunt
636 1695 821 1754 stridentibus
835 1694 885 1753 alis

277 1789 306 1833 et
320 1790 405 1833 coetu
420 1775 537 1834 cinxere
552 1776 652 1854 polum
667 1791 824 1855 cantusque
838 1776 950 1847 dedere,

275 1856 352 1914 haud
367 1855 449 1914 aliter
463 1876 630 1935 puppesque
646 1872 711 1915 tuae
725 1857 872 1936 pubesque
887 1872 1003 1915 tuorum

276 1952 325 1995 aut
338 1952 456 2014 portum
471 1953 551 1996 tenet
566 1952 615 1996 aut
629 1937 717 2015 pleno
731 1937 806 1997 subit
820 1937 891 1996 ostia
904 1938 978 1997 velo.

275 2037 362 2094 perge
376 2018 462 2076 modo
477 2033 516 2088 et,
531 2033 630 2098 quate
645 2018 767 2078 ducit
740 2039 795 2090 ιιι,
809 2018 905 2094 derige
919 2016 1063 2092 gressum?

316 2097 398 2167 dixit,
415 2113 443 2156 et
458 2113 589 2158 avertens
604 2119 682 2158 rosea
697 2099 809 2167 cervice
824 2099 945 2170 refulsit,

276 2177 488 2272 ambrosiaeque
504 2198 603 2238 comae
618 2180 749 2239 divinum
763 2179 872 2239 vertice
885 2143 1003 2238 oddrem

276 2259 436 2337 spiravere3
456 2259 544 2337 pedes
559 2261 644 2319 vestis
658 2260 780 2320 defluxit
794 2261 851 2320 ad
843 2281 914 2319 rmos
928 2284 935 2321 :

218 2407 221 2414 Ι
276 2356 305 2399 et
319 2360 384 2398 vera
398 2341 510 2400 incessu
526 2341 620 2419 patuit
634 2342 697 2401 dea.
738 2342 788 2401 ille
803 2341 852 2400 ubi
867 2355 988 2400 matrem

276 2421 420 2497 adgnovit,
435 2421 484 2479 tali
500 2422 662 2498 fugientem
677 2438 719 2480 est
732 2443 803 2482 voce
818 2439 952 2481 secutus:

255 2502 346 2580 ‘quid
360 2519 460 2561 uatum
476 2502 589 2574 totiens,
606 2503 729 2562 crudelis
744 2519 775 2563 tu
790 2523 914 2582 quoque,
929 2501 1005 2561 falsis

275 2582 349 2641 ludis
364 2583 559 2658 imaginibus?
581 2603 633 2642 cur
646 2583 785 2643 dextrae
777 2603 895 2660 rungere
909 2584 1040 2642 dextram

275 2683 334 2721 non
349 2663 441 2735 datur,
458 2683 489 2722 ac
506 2683 584 2722 veras
599 2664 696 2723 audire
711 2679 741 2724 et
754 2665 871 2724 reddere
886 2684 970 2722 voces
981 2662 1006 2722 ι’

275 2744 401 2802 talibus
394 2759 514 2815 tncusat,
530 2765 714 2824 gressumque
728 2745 764 2804 ad
778 2745 892 2804 moenia
906 2743 1009 2804 tendit.
1105 2773 1146 2811 410

275 2839 303 2882 at
317 2825 418 2884 Venus
432 2825 554 2884 obscuro
568 2825 728 2918 gradientes
743 2835 806 2885 aere
820 2825 933 2904 saepsit,

276 2919 305 2963 et
319 2907 411 2965 multo
426 2906 591 2965 nebulae
566 2927 676 2966 circum
691 2907 744 2966 dea
758 2907 833 2966 fudit
847 2907 964 2976 amictu,

224 2993 225 2998 ’
276 3005 393 3044 cernere
409 2987 524 3066 nequis
540 3008 586 3046 eos
601 3007 658 3046 neu
674 2988 736 3067 quis
750 2988 917 3063 contingere
931 3000 1035 3064 posset,

275 3067 405 3125 molirive
422 3088 529 3127 moram
545 3085 594 3128 aut
608 3068 743 3131 veniendi
758 3089 874 3146 poscere
889 3087 994 3127 causas.

275 3146 335 3223 ipsa
350 3148 480 3224 Paphum
496 3149 625 3208 sublimis
641 3150 709 3220 abit,
725 3149 861 3228 sedesque
875 3147 974 3208 revisit

275 3227 349 3286 laeta
364 3249 433 3300 suas,
450 3229 500 3287 ubi
515 3231 657 3307 templum
672 3230 725 3300 illi,
740 3245 917 3308 centumque
932 3228 1039 3288 Sabaeo

177 3381 184 3396 .
276 3322 338 3367 ture
354 3309 451 3367 calent
465 3329 528 3368 arae
543 3311 678 3388 sertisque
692 3310 859 3370 recentibus
873 3312 983 3371 halant.

317 3389 480 3467 corripuere
495 3389 571 3448 viam
585 3390 702 3463 interea,
718 3411 774 3471 qua
788 3391 889 3451 semita
903 3404 1041 3451 monstrat
1053 3411 1062 3448 a
