2558 4112
209 364 253 415 108
488 362 516 410 P.
534 359 677 409 VERGILI
695 360 852 409 MARONIS

255 512 339 570 parce
354 491 403 570 pio
417 490 527 566 generi,
542 505 571 548 et
585 489 700 567 propius
714 509 758 546 res
773 488 867 565 aspice
881 505 998 549 nostras.

255 594 314 632 non
330 593 381 631 nos
396 588 444 630 aut
458 572 534 630 ferro
548 571 672 647 Libycos
687 570 824 649 populare
840 571 960 629 Penates

255 653 396 724 venimus,
411 669 459 711 aut
473 667 565 731 raptas
579 652 614 710 ad
629 651 711 710 litora
725 667 836 710 vertere
851 651 967 727 praedas
979 675 988 720 ;

255 755 313 793 non
330 755 362 792 ea
376 733 417 791 vis
432 733 529 791 animo
544 753 596 791 nec
613 748 692 791 tanta
706 731 837 810 superbia
850 731 942 790 victis.

255 832 297 874 est
311 813 605 890 loeus-Hesperiam
621 812 691 872 Grai
707 811 879 888 cognomine
893 811 1037 871 dicunt-
1087 841 1126 880 ⁵30

255 913 328 955 terra
343 895 469 974 antiqua,
484 910 585 971 potens
600 894 685 952 armis
699 909 784 971 atque
798 893 886 951 ubere
901 893 1038 967 glaebae·
1031 937 1039 962 ‚

256 976 379 1034 Oenotri
395 975 553 1034 coluere
526 975 602 1045 vrri;
623 994 702 1033 nunc
718 974 793 1032 fama
806 973 931 1032 minores

254 1057 369 1115 Italiam
384 1056 487 1115 dixisse
501 1055 582 1114 ducis
596 1055 633 1114 de
648 1055 766 1113 nomine
780 1070 919 1130 gentem,

253 1137 301 1196 hic
318 1159 414 1196 cursus
429 1137 495 1207 fuit,

254 1239 323 1277 cum
338 1219 432 1277 subito
447 1218 598 1293 adsurgens
612 1216 704 1276 fluctu
719 1215 866 1274 nimbosus
881 1215 974 1274 Orion

254 1298 284 1358 in
300 1300 371 1356 vada
386 1319 471 1357 caeca
486 1298 563 1369 tulit,
577 1298 750 1376 penitusque
765 1296 932 1374 procacibus
946 1293 1059 1354 Austris

184 1417 187 1424 .
254 1400 362 1459 perque
378 1379 468 1438 undas
482 1395 633 1456 superante
648 1379 706 1436 salo
720 1398 828 1457 perque
842 1377 920 1436 invia
934 1397 998 1435 saxa

254 1460 393 1537 dispulit:
415 1462 472 1518 huc
488 1459 573 1538 pauci
588 1459 686 1517 vestris
700 1459 867 1517 adnavimus
882 1457 947 1516 oris.

187 1581 188 1590 .
254 1541 332 1619 quod
345 1560 434 1617 genus
449 1543 504 1598 hoc
519 1540 694 1598 hominum?
715 1559 824 1618 quaeve
838 1541 916 1598 huuc
933 1553 991 1596 tam
1006 1537 1124 1596 barbara

336 1642 445 1680 morem

254 1703 395 1781 permittit
409 1701 520 1782 patria?
540 1701 665 1779 hospitio
678 1701 864 1779 prohibemur
878 1701 1000 1758 harenae
1013 1723 1022 1770 ;
1086 1726 1125 1766 540

254 1784 330 1842 bella
345 1783 433 1854 cient,
447 1783 594 1861 primaque
609 1798 708 1841 vetant
722 1782 876 1840 consistere
892 1797 974 1840 terra.

254 1864 277 1922 si
290 1884 379 1940 genus
394 1867 554 1922 humanum
569 1879 598 1924 et
612 1862 743 1923 mortalia
757 1861 885 1922 temnitis
899 1881 985 1932 arma,

254 1961 282 2004 at
297 1960 406 2024 sperate
420 1946 488 2003 deos
503 1965 642 2003 memores
658 1944 736 2003 fandi
751 1960 835 2024 atque
850 1941 977 2000 nefandi.

253 2046 303 2083 rex
319 2041 379 2083 erat
393 2027 506 2084 Aeneas
521 2025 613 2096 nobis,
627 2045 684 2105 quo
699 2025 799 2083 iustior
813 2024 885 2082 alter

254 2127 308 2164 nec
323 2106 429 2185 pietate
444 2106 509 2177 fuit,
525 2126 580 2164 nec
595 2107 673 2165 bello
687 2105 776 2164 maior
790 2120 820 2163 et
835 2104 939 2162 armis:

254 2207 340 2264 quem
356 2207 377 2244 s1
370 2187 490 2245 ''fata
464 2207 558 2246 vrrum
572 2202 695 2258 servant,
710 2187 732 2245 si
746 2185 871 2245 vescitur
885 2205 966 2242 aura*

254 2267 379 2326 aetheria
393 2288 488 2347 neque
502 2268 595 2327 adhuc
611 2267 774 2327 crudelibus
789 2266 911 2326 occubat
927 2265 1045 2336 umbris,

253 2369 312 2408 non
327 2365 441 2408 metus:
463 2349 556 2408 officio
570 2370 625 2408 nec
640 2365 669 2408 te
684 2364 802 2407 certasse
817 2347 942 2426 priorem

253 2429 420 2508 paeniteat:
441 2445 552 2488 suntet
568 2429 671 2488 Siculis
687 2429 849 2504 regionibus
864 2427 946 2486 urbes

254 2531 397 2590 armaque,
412 2511 597 2589 Troianoque
612 2531 628 2568 a
642 2510 778 2585 sanguine
793 2510 884 2569 clarus
897 2508 1027 2566 Acestes.
1085 2532 1125 2572 550

254 2607 411 2669 quassatam
426 2592 519 2650 ventis
534 2591 619 2650 liceat
634 2591 793 2650 subducere
808 2591 926 2649 classem

253 2688 282 2731 et
297 2673 373 2731 silvis
388 2689 483 2750 aptare
498 2672 589 2730 trabes
605 2688 634 2730 et
648 2672 784 2747 stringere
799 2691 901 2742 remos,

253 2753 276 2810 si
290 2753 372 2811 datur
386 2753 501 2812 Italiam
515 2752 597 2812 sociis
612 2769 641 2813 et
654 2773 720 2828 rege
735 2769 852 2830 recepto

253 2833 379 2904 tendere,
396 2850 428 2892 ut
442 2834 556 2893 Italiam
571 2834 638 2892 laeti
653 2834 827 2913 Latiumque
841 2847 994 2910 petamus;

254 2913 296 2972 sin
311 2915 461 2992 absumpta
475 2916 558 2986 salus,
573 2930 602 2974 et
616 2930 653 2985 te,
669 2931 748 2992 pater
762 2914 871 2992 optime
886 2913 1048 2981 Teucrum,

253 3011 356 3073 pontus
371 2997 457 3054 habet
471 2996 581 3073 Libyae
596 3016 650 3055 nec
666 3016 727 3072 spes
742 2995 798 3053 iam
812 3009 899 3053 restat
913 2991 981 3063 Iuli,

252 3091 281 3134 at
295 3075 366 3134 freta
381 3076 510 3136 Sicaniae
525 3078 624 3136 saltem
640 3077 774 3154 sedesque
788 3090 906 3154 paratas,

254 3156 330 3214 unde
346 3158 403 3215 huc
419 3157 539 3227 advecti,
555 3177 708 3235 regemque
723 3173 852 3233 petamus
866 3150 1012 3214 Acesten!

254 3237 356 3295 talibus
372 3237 523 3308 Ilioneus,
545 3255 644 3298 cuncti
636 3238 743 3296 simul
759 3257 807 3296 ore
822 3235 986 3296 fremebant

255 3316 445 3377 Dardanidae.
1086 3327 1127 3377 ὅσα

297 3415 358 3457 tum
373 3397 497 3457 breviter
512 3399 590 3458 Dido
604 3400 719 3458 vultum
733 3397 853 3457 demissa
868 3399 1016 3476 profatur:
