2556 4116
21 265 23 404 i
216 350 244 397 P.
261 347 406 396 VERGILI
423 347 581 396 MARONIS
598 348 801 397 GEORGICON
818 350 882 398 Lis,
899 350 938 398 111
1000 363 1031 414 59

162 479 194 537 in
210 477 319 536 foribus
334 497 462 554 pugnam
476 497 513 536 ex
527 498 597 536 auro
611 477 759 556 solidoque
773 479 930 556 elephanto

164 558 363 634 Gangaridum
379 558 483 616 faciam
496 557 671 637 victorisque
686 579 764 616 arma
778 560 907 638 Qririni,
1021 622 1022 626 ,

164 656 249 718 atque
263 639 312 700 hic
328 639 488 698 undantem
504 639 581 697 bello
595 659 789 718 magnumque
803 639 944 700 fluentem

164 721 279 790 Nilum,
295 741 328 778 ac
343 719 438 778 navali
454 736 597 796 surgentes
612 741 674 778 aere
690 721 848 780 columnas.

163 802 265 860 addam
279 799 363 860 urbes
377 801 463 860 Asiae
479 801 599 860 domitas
612 801 786 880 pulsumque
800 801 951 880 Niphaten
1006 833 1033 873 30

164 883 361 961 fidentemque
375 883 444 959 fuga
459 883 595 941 Parthum
610 882 754 961 versisque
770 883 885 958 sagittis,

164 979 192 1023 et
207 964 266 1022 duo
280 979 360 1041 rapta
374 983 461 1022 manu
476 963 588 1021 diverso
603 983 638 1021 er
653 965 735 1022 hoste
750 978 864 1041 tropaea

164 1045 262 1124 bisque
277 1045 467 1122 triumphatas
481 1059 602 1122 utroque
617 1044 652 1101 ab
667 1044 751 1103 litore
765 1059 875 1120 gentes.

163 1125 278 1184 stabunt
293 1141 321 1183 et
338 1125 413 1184 Parii
429 1125 547 1203 lapides,
560 1124 698 1202 'spirantia
712 1125 802 1202 signa,

162 1206 289 1265 Assaraci
303 1207 398 1284 proles
413 1205 606 1284 demissaeque
622 1206 658 1264 ab
672 1207 741 1264 Iove
756 1207 848 1282 gentis

163 1287 292 1358 nomina,
307 1288 439 1366 Trosque
453 1307 558 1364 parens
572 1302 602 1346 et
617 1286 725 1346 Troiae
740 1287 886 1364 Cynthius
900 1303 1009 1347 auctor.

163 1367 270 1426 invidia
284 1368 388 1426 infelix
404 1367 501 1428 Furias
516 1388 691 1446 amnemque
706 1389 836 1428 severum

164 1448 272 1526 Cocyti
287 1464 398 1508 metuet
412 1463 557 1528 tortosque
572 1449 683 1508 Ixionis
698 1470 805 1526 angues

162 1529 368 1608 inmanemque
382 1546 474 1589 rotam
490 1546 519 1589 et
533 1551 592 1589 non
608 1531 805 1608 exsuperabile
819 1551 930 1591 saxum.

163 1611 274 1670 interea
288 1611 438 1688 Dryadum
453 1611 536 1668 silvas
551 1611 696 1690 saltusque
711 1632 863 1690 sequamur
1004 1641 1031 1680 40

161 1691 294 1763 intactos,
309 1707 369 1763 tua,
384 1691 551 1764 Maecenas,
565 1693 644 1751 haud
658 1693 757 1751 mollia
770 1693 853 1752 iussa.

162 1788 191 1831 te
206 1773 268 1831 sine
283 1772 324 1832 nil
339 1773 431 1832 altum
445 1793 527 1831 mens
542 1773 682 1844 incohat·
704 1793 741 1832 en
756 1793 805 1849 age
820 1793 920 1849 segnes

161 1874 263 1931 rumpe
278 1874 392 1926 moras3
412 1871 498 1913 vocat
512 1853 623 1929 ingenti
638 1854 763 1912 clamore
778 1853 938 1912 Cithaeron

163 1933 348 2013 Taygetique
363 1955 449 1994 canes
463 1934 660 2012 domitrixque
675 1934 834 2012 Epidaurus
850 1954 989 2028 equorum

162 2030 192 2074 et
205 2037 261 2074 vox
276 2015 395 2075 adsensu
410 2035 563 2075 nemorum
577 2014 754 2090 ingeminata
767 2015 901 2091 remugit.

162 2116 231 2154 mox
245 2112 343 2155 tamen
358 2097 488 2156 ardentes
503 2095 635 2172 accingar
648 2096 744 2154 dicere
758 2117 867 2174 pugnas

163 2177 297 2248 Caesaris,
313 2192 343 2236 et
356 2197 464 2236 nomen
479 2178 554 2235 fama
569 2192 613 2235 tot
627 2176 700 2235 ferre
715 2197 766 2254 per
779 2199 878 2250 annos,

162 2257 287 2316 Tithoni
301 2257 395 2335 prima
408 2273 480 2337 quot
495 2257 573 2317 abest
587 2257 623 2315 ab
636 2257 747 2332 origine
763 2258 877 2318 Caesar.

204 2359 252 2396 seu
268 2339 330 2416 quis
346 2338 534 2416 Olympiacae
549 2337 668 2397 miratus
682 2338 807 2416 praemia
819 2340 931 2416 palmae

162 2419 253 2496 pascit
268 2439 366 2498 equos,
381 2440 430 2479 seu
446 2419 509 2498 quis
524 2420 612 2478 fortes
625 2419 662 2477 ad
676 2431 771 2477 aratra
782 2418 930 2490 iuvencos,
1005 2447 1031 2487 50

163 2520 281 2578 corpora
295 2500 449 2579 praecipue
464 2516 589 2559 matrum
604 2501 689 2576 legat.
733 2499 841 2576 optima
855 2515 951 2558 torvae
974 2545 1002 2563 ..

163 2580 254 2639 forma
267 2581 358 2653 bovis,
373 2582 420 2641 cui
436 2597 521 2658 turpe
536 2596 633 2659 caput,
649 2601 697 2640 cui
688 2579 837 2659 plurima
850 2579 959 2652 cervix,

162 2675 191 2718 et
205 2682 323 2721 crurum
338 2679 422 2722 tenus
437 2678 566 2721 amento
581 2661 704 2739 palearia
718 2661 866 2738 pendent;

162 2756 223 2800 turn
238 2743 326 2837 longo
341 2744 438 2831 nqllus
453 2743 565 2836 lateyi·
550 2743 674 2814 modus3
694 2741 792 2800 omnia
806 2759 918 2817 magna,

162 2843 211 2900 pes
226 2825 333 2884 etiam·
325 2870 334 2896 ‚
356 2840 385 2883 et
399 2845 521 2883 camuris
535 2823 626 2882 hirtae
642 2787 697 2882 sib
709 2822 845 2882 cornibus
859 2843 949 2882 aures.

163 2923 215 2963 nec
231 2905 302 2964 mihi
317 2905 467 2984 displiceat
482 2904 625 2963 maculis
617 2904 735 2980 insignis
750 2919 779 2962 et
794 2905 868 2976 albo,

163 3001 211 3044 aut
225 2985 292 3061 iuga
306 2986 467 3045 detractans
482 2985 687 3079 interdumque
703 3005 799 3063 aspera
813 3004 926 3044 cornu

162 3081 191 3122 et
204 3067 311 3125 faciem
326 3081 406 3126 tauro
419 3066 544 3158 propi9r‚
560 3086 689 3144 quaeque
705 3066 792 3125 ardua
805 3080 873 3138 tota,

161 3161 190 3203 et
204 3146 360 3223 gradiens
351 3168 408 3206 ima
422 3135 514 3228 verrit
526 3145 644 3238 vestigia
658 3146 758 3206 cauda.

108 3299 113 3304 Ι
160 3243 233 3285 aetas
249 3227 415 3287 Lucinam
407 3243 553 3306 1ust0sque
567 3241 627 3305 pati
620 3218 818 3321 hymenaeos
1002 3242 1027 3283 ss

161 3307 267 3367 desinit
281 3324 350 3367 ante
365 3308 477 3380 decern,
491 3323 555 3385 post
569 3322 704 3387 quattuor
718 3307 822 3385 incipit
836 3327 924 3367 annos
936 3331 946 3377 3

331 3405 360 3467 38
378 3405 450 3455 orbes.
517 3416 548 3468 50
565 3413 649 3466 pascet.
717 3405 746 3468 56
763 3404 813 3455 tibi.
