2556 4116
516 336 543 385 P.
560 335 703 384 VERGILI
722 332 879 384 MARONIS

283 468 388 545 incipe,
406 467 547 526 Damoeta
562 492 571 538 ;
593 483 624 526 tu
640 466 744 526 deinde
759 487 888 545 sequere,
903 468 1051 525 Menalca.

282 549 400 608 alternis
414 548 517 606 dicetis
530 573 539 620 3
561 564 658 606 amant
673 548 781 606 alterna
795 549 951 607 Camenae.

325 629 365 688 D.
381 629 416 687 ab
427 630 496 686 Iove
511 628 697 706 principium,
711 630 814 687 Musae
823 654 832 701 3
854 629 1033 687 Iovisomnia
1047 630 1153 707 plena;

282 711 333 770 ille
348 709 419 768 colit
434 726 543 780 terras3
565 709 608 767 illi
624 730 688 768 mea
703 711 831 768 carmina
846 731 938 770 curae.
1127 728 1152 767 61

326 792 371 850 M.
386 807 467 850 etme
476 790 607 848 Phoebus
616 807 691 849 amat
700 815 709 862 ;
725 790 1096 868 Phoebosuasemperapud
1105 811 1152 848 me

283 893 402 932 munera
418 888 494 942 sunt,
510 870 581 929 lauri
598 888 627 930 et
642 892 726 930 suave
740 873 845 930 rubens
860 872 1043 948 hyacinthus.

326 953 366 1012 D.
389 953 466 1010 malo
481 973 527 1010 me
544 953 666 1010 Galatea
681 953 762 1030 petit,
779 953 882 1011 lasciva
896 952 1003 1029 puella,

284 1052 313 1094 et
326 1034 400 1109 fugit
415 1034 451 1092 ad
465 1033 574 1104 salices,
590 1049 619 1092 et
634 1054 662 1091 se
678 1033 759 1111 cupit
773 1050 840 1091 ante
855 1033 955 1091 videri.

327 1116 371 1175 M.
394 1131 421 1172 at
436 1114 508 1173 mihi
525 1135 584 1172 sese
600 1115 682 1173 offert
697 1115 773 1172 ultro
787 1135 868 1172 meus
882 1113 955 1189 ignis
970 1115 1121 1190 Amyntas,

283 1196 379 1257 notior
392 1211 425 1254 ut
439 1196 495 1253 iam
511 1195 548 1253 sit
563 1195 682 1254 canibus
697 1215 755 1253 non
771 1195 857 1254 Delia
871 1195 981 1252 nostris.

327 1276 367 1335 D.
382 1292 462 1353 parta
473 1296 552 1334 meae
564 1276 673 1334 Veneri
686 1292 753 1334 sunt
763 1296 882 1334 munera
895 1298 902 1334 :
918 1295 1044 1352 namque
1055 1275 1152 1334 notavi

283 1357 343 1435 ipse
358 1357 466 1427 locum,
481 1356 646 1434 aeriaequo
661 1377 826 1432 congessere
841 1356 998 1432 palumbes.

327 1439 372 1496 M.
394 1437 471 1514 quod
486 1437 579 1514 potui,
593 1457 684 1513 puero
698 1437 817 1496 silvestri
833 1457 868 1494 ex
884 1437 981 1495 arbore
996 1437 1071 1494 lecta
1128 1467 1154 1504 70

283 1539 368 1578 aurea
382 1519 457 1576 mala
472 1517 573 1575 decem
589 1516 653 1574 misi
667 1543 676 1588 ;
698 1538 757 1575 cras
772 1518 860 1576 altera
875 1517 999 1577 mittam.

328 1599 367 1658 D.
390 1620 407 1657 o
421 1598 556 1676 quotiens
572 1614 600 1655 et
615 1619 689 1676 quae
704 1598 786 1656 nobis
802 1598 924 1658 Galatea
939 1599 1034 1656 locuta
1049 1598 1110 1656 est!

283 1697 395 1758 partem
410 1679 548 1758 aliquam,
562 1678 653 1750 venti,
668 1679 765 1737 divom
779 1679 906 1736 referatis
921 1680 957 1737 ad
971 1679 1068 1738 aures!

328 1761 372 1820 M.
395 1760 465 1838 quid
485 1759 599 1836 prodest
614 1759 691 1837 quod
710 1779 757 1818 me
773 1759 831 1836 ipse
847 1759 944 1818 animo
959 1781 1018 1818 non
1034 1759 1153 1837 spernis,

364 1843 504 1917 Amynta,

284 1923 317 1994 si,
332 1923 402 1981 dum
417 1938 449 1981 tu
464 1921 578 1980 sectaris
594 1943 683 1998 apros,
700 1942 753 1998 ego
766 1922 837 1980 retia
853 1926 954 1980 servo?

328 2003 368 2062 D.
392 2003 526 2079 Phyllida
541 2003 625 2060 mitte
640 2002 712 2060 mihi
727 2025 734 2060 ε
756 2023 836 2061 meus
850 2018 892 2060 est
906 2001 1017 2072 natalis,
1034 2002 1107 2060 Iolla
1120 2027 1129 2073 3

284 2104 351 2142 cum
367 2083 471 2142 faciam
486 2082 577 2141 vitula
592 2103 643 2160 pro
658 2083 795 2158 frugibus,
810 2084 869 2160 ipse
883 2084 990 2143 venito.

328 2165 373 2223 M.
387 2163 519 2240 Phyllida
530 2180 669 2222 amoante
675 2163 743 2223 alias
755 2186 762 2222 ε
774 2184 842 2222 nam
851 2185 898 2222 me
907 2164 1053 2223 discedere
1062 2164 1153 2234 flevit,

274 2261 313 2311 ¹et
328 2246 446 2320 longum
462 2246 612 2316 ‘formose,
628 2245 702 2316 vale,
717 2245 800 2317 vale,'
815 2244 920 2322 inquit,
936 2245 1017 2303 Iolla.

328 2326 368 2385 D.
390 2325 471 2384 triste
486 2325 571 2402 lupus
586 2325 712 2396 stabulis,
728 2326 845 2384 maturis
860 2325 987 2400 frugibus
1003 2325 1118 2396 imbres,
1130 2343 1155 2382 so

284 2407 428 2465 arboribus
443 2407 534 2477 venti,
550 2407 630 2465 nobis
645 2407 829 2482 Amaryllidis
844 2406 912 2464 irae.

329 2489 373 2547 M.
396 2488 482 2546 dulce
497 2488 564 2545 satis
579 2508 671 2558 umor,
686 2487 813 2564 depulsis
826 2487 942 2544 arbutus
957 2486 1065 2556 haedis,

283 2569 362 2627 lenta
376 2568 447 2627 salix
464 2569 522 2626 feto
537 2567 644 2645 pecori,
659 2568 731 2625 mihi
747 2568 822 2626 solus
836 2568 985 2643 Amyntas.

328 2651 367 2708 D.
385 2649 703 2719 Pollioamatnostram,
710 2648 889 2726 quamvisest
895 2647 1008 2717 rustica,
1017 2649 1135 2706 Musam
1147 2670 1153 2706 :

286 2729 421 2801 Pierides,
435 2729 558 2789 vitulam
574 2728 674 2787 lectori
689 2729 797 2806 pascite
811 2745 913 2788 vestm.

329 2811 373 2870 M.
387 2810 516 2869 Pollioet
525 2811 663 2887 ipsefacit
672 2811 898 2869 novacarmina:
912 2811 1153 2887 pascitetaurum,

284 2891 342 2948 iam
358 2911 448 2949 cornu
463 2906 543 2968 petat
558 2907 587 2949 et
601 2890 722 2966 pedibus
736 2891 785 2969 qui
801 2907 913 2968 spargat
928 2893 1074 2951 harenam.

328 2971 369 3030 D.
384 2971 481 3048 quite,
493 2972 597 3042 Pollio,
607 2989 693 3042 amat,
702 2973 798 3030 veniat
807 2993 864 3049 quo
874 2987 901 3030 te
911 2993 1025 3050 quoque
1032 2971 1153 3047 gaudet;

213 3067 217 3081 ⁸
285 3052 372 3110 mella
387 3051 480 3110 fluant
494 3052 550 3124 illi,
565 3054 637 3110 ferat
651 3068 681 3110 et
694 3053 782 3111 rubus
797 3074 877 3130 asper
892 3073 1047 3111 amomum.

329 3133 374 3191 M.
386 3133 434 3210 qui
448 3132 570 3192 Bavium
582 3154 641 3191 non
652 3134 721 3203 odit,
734 3149 810 3192 amet
825 3149 874 3191 tua
888 3133 1024 3203 carmina,
1042 3133 1152 3202 Maeui,

286 3227 371 3291 atque
386 3213 464 3270 idem
480 3213 580 3288 iungat
594 3214 693 3290 vulpes
710 3230 738 3272 et
753 3215 879 3288 mulgeat
893 3215 997 3273 hircos.
1129 3243 1153 3282 91

330 3293 370 3352 D.
393 3293 443 3371 qui
460 3293 553 3369 legitis
568 3293 650 3352 flores
665 3311 694 3352 et
708 3294 789 3352 humi
805 3296 952 3352 nascentia
967 3295 1055 3369 fraga,

285 3374 414 3449 frigidus,
429 3396 446 3433 o
460 3374 552 3452 pueri,
567 3375 658 3452 fugite
673 3375 751 3446 hinc,
768 3375 839 3434 latet
853 3375 953 3451 anguis
969 3375 1000 3432 in
1015 3375 1113 3435 herba.
