2558 4112
431 385 632 435 GEORGICON
650 386 713 434 LIB.
731 387 770 433 lv

183 517 314 577 carmine
329 536 388 594 quo
402 530 503 592 captae
518 515 588 574 dum
603 514 671 573 fusis
687 514 787 573 mollia
801 535 889 592 pensa

182 598 355 669 devolvunt,
371 596 479 654 iterum
493 611 635 654 maternas
650 594 760 672 inpulit
774 616 855 654 aures

182 681 280 738 luctus
293 677 428 748 Aristaei,
444 676 601 755 vitreisque
616 676 753 734 sedilibus
768 697 869 735 omnes
939 704 942 710 ·
1015 705 1054 746 ³⁵0

183 759 369 836 obstipuere3
390 757 440 816 sed
455 773 524 816 ante
538 757 606 816 alias
620 759 765 816 Arethusa
780 777 889 815 sorores

113 885 115 888 -
183 839 362 920 prospiciens
378 857 489 897 summa
504 837 611 897 flavum
626 854 713 916 caput
728 838 834 897 extulit
849 838 936 908 unda,

184 937 215 980 et
228 920 350 998 procul:
373 924 405 977 ‘o
419 918 528 994 gemitu
544 939 603 977 non
619 919 722 978 frustra
738 919 873 978 exterrita
889 933 981 991 tanto,

185 1001 303 1078 Cyrene
318 1021 405 1072 soror,
421 1001 481 1077 ipse
497 999 560 1071 tibi,
575 1015 625 1058 tua
639 999 765 1058 maxima
780 1021 857 1072 cura,

184 1081 275 1140 tristis
289 1080 433 1139 Aristaeus
450 1080 540 1138 Penei
555 1080 693 1155 genitoris
707 1080 743 1138 ad
758 1080 865 1139 undam

185 1178 243 1221 stat
257 1161 410 1220 lacrimans
424 1177 453 1220 et
467 1177 496 1220 te
511 1161 661 1220 crudelem
676 1162 795 1219 nomine
809 1161 902 1220 dicit.’

185 1243 256 1302 huie
270 1263 403 1321 percussa
419 1263 492 1300 nova
507 1257 638 1300 mentem
653 1241 808 1300 formidine
822 1257 913 1301 mater

166 1324 254 1396 ‘duc,
270 1344 332 1400 age,
347 1323 403 1383 duc
419 1323 455 1380 ad
470 1343 541 1392 nos3
563 1323 603 1380 fas
617 1322 662 1380 illi
678 1322 780 1381 limina
795 1322 892 1382 divom

187 1405 319 1481 tangere’
334 1404 384 1464 ait.
426 1404 512 1462 simul
528 1403 584 1460 alta
599 1402 680 1462 iubet
694 1403 841 1462 discedere
856 1404 914 1461 late

186 1485 389 1566 flumina,·qua
403 1483 515 1543 iuvenis
530 1504 638 1560 gressus
653 1483 782 1543 inferret.
825 1501 852 1542 at
867 1485 952 1543 illum
1017 1502 1056 1552 360

186 1581 303 1625 curvata
317 1565 347 1624 in
363 1565 469 1624 montis
485 1564 589 1624 faciem
605 1565 795 1624 circumstetit
810 1565 897 1638 unda,

186 1647 358 1724 accepitque
373 1646 437 1704 sinu
452 1661 530 1704 vasto
546 1645 682 1724 misitque
696 1647 748 1704 sub
763 1666 889 1704 amnem.

185 1729 304 1806 iamque
318 1726 439 1785 domum
453 1727 558 1785 mirans
573 1727 727 1803 genetricis
744 1742 773 1784 et
788 1726 885 1784 umida
899 1746 988 1802 regna

186 1808 391 1886 speluncisque
407 1808 484 1866 lacus
499 1808 611 1866 clausos
626 1807 765 1884 lucosque
780 1822 915 1864 sonantes

185 1889 256 1960 ibat,
273 1905 302 1946 et
316 1887 428 1964 ingenti
444 1903 526 1946 motu
542 1888 717 1965 stupefactus
732 1907 870 1965 aquarum

187 1970 286 2028 omnia
301 1969 353 2028 sub
369 1989 471 2043 magna
486 1968 615 2027 labentia
630 1967 751 2027 flumina
767 1984 839 2026 terra

186 2050 335 2128 spectabat
349 2049 459 2107 diversa
474 2049 555 2121 locis,
572 2049 746 2128 Phasimque
760 2050 932 2127 Lycumque

187 2146 217 2189 et
231 2146 328 2208 caput,
344 2129 422 2188 unde
437 2131 510 2188 altus
524 2129 651 2208 primum
666 2151 695 2189 se
712 2130 838 2209 erumpit
853 2131 981 2208 Enipeus

186 2231 359 2290 saxosusque
374 2231 476 2268 sonans
492 2211 627 2288 Hypanis
644 2211 805 2289 Mysusque
821 2211 936 2281 Caicus,

187 2293 265 2351 unde
278 2308 360 2370 pater
376 2290 544 2365 Tiberinus,
560 2306 589 2350 et
603 2291 683 2350 unde
697 2291 812 2348 Aniena
827 2290 945 2360 fluenta,
1018 2317 1056 2357 ³⁷0

188 2389 217 2431 et
231 2373 347 2449 gemina
362 2387 475 2430 auratus
490 2372 605 2431 taurino
620 2392 728 2430 cornua
743 2371 825 2428 vultu

187 2453 338 2526 Eridanus,
354 2475 412 2532 quo
427 2473 487 2510 non
503 2453 575 2510 alius
590 2473 641 2530 per
654 2451 774 2530 pinguia
787 2450 866 2509 culta

187 2534 219 2592 in
234 2554 313 2593 mare
327 2553 504 2612 purpureum
519 2533 675 2594 violentior
691 2532 781 2591 effluit
795 2529 897 2590 amnis.

186 2630 340 2693 postquam
354 2615 440 2674 estin
456 2614 575 2672 thalami
590 2613 747 2691 pendentia
763 2612 880 2690 pumice
895 2624 971 2670 tecta

186 2711 361 2772 perventum
377 2711 407 2754 et
421 2695 481 2753 nati
497 2694 580 2754 fletus
595 2694 729 2772 cognovit
744 2695 843 2752 inanes

189 2777 315 2853 Cyrene,
330 2776 463 2835 manibus
477 2775 601 2853 liquidos
615 2776 687 2834 dant
701 2775 800 2833 ordine
816 2774 911 2831 fontes

186 2877 341 2933 germanae
356 2857 502 2936 tonsisque
517 2857 617 2914 ferunt
631 2855 771 2914 mantelia
784 2854 880 2924 villis;

187 2958 251 3014 pars
266 2938 359 3015 epulis
374 2954 497 2996 onerant
511 2957 622 2995 mensas
638 2952 668 2996 et
681 2937 769 3014 plena
783 2951 930 3012 reponunt

187 3018 293 3094 pocula
306 3043 315 3089 ;
338 3018 495 3077 Panchaeis
509 3015 684 3076 adolescunt'
693 3016 807 3093 ignibus
821 3036 895 3087 arae,

188 3114 218 3156 et
233 3115 325 3157 mater
340 3106 428 3177 ‘cape
444 3098 578 3156 Maeonii
594 3097 739 3156 carchesia
754 3096 881 3155 Bacchi:
1018 3111 1058 3163 380

188 3179 311 3237 Oceano
326 3177 468 3238 libemus’
483 3179 533 3238 ait.
576 3178 662 3236 simul
676 3178 737 3256 ipsa
751 3193 885 3257 precatur

188 3260 402 3339 Oceanumque
416 3274 527 3336 patrem
541 3279 636 3318 rerum
651 3259 861 3337 Nymphasque
877 3277 993 3329 sorores,

187 3355 309 3399 centum
324 3361 398 3418 quae
413 3340 505 3412 silvas,
521 3354 641 3399 centum
656 3361 728 3418 quae
743 3339 864 3399 flumina
879 3352 1001 3398 servant.

406 3435 451 3498 361
470 3435 576 3497 speciem.
643 3435 688 3496 368
706 3436 802 3498 rumpit.
