2568 4114
422 376 589 426 AENEIDOS
607 376 670 427 LIB.
687 379 726 428 VI
981 394 1028 443 229

162 495 265 556 obvius
280 511 398 568 armato,
413 514 462 555 seu
477 513 545 554 cum
558 495 647 572 pedes
661 494 715 554 iret
729 495 760 554 in
775 497 898 568 hostem,
990 511 1029 552 aaa

162 596 213 636 seu
229 576 389 653 spumantis
404 575 470 655 equi
485 574 597 634 foderet
612 576 770 634 calcaribus
785 595 885 635 armos.

161 657 229 725 heu,
245 656 407 715 miserande
418 676 502 750 puer,
517 656 539 714 si
554 676 611 734 qua
626 656 684 714 fata
699 676 796 733 aspera
809 657 939 733 rumpas!

162 752 193 795 tu
211 736 371 795 Marcellus
387 737 449 796 eris.
493 735 626 794 manibus
641 737 708 796 date
723 737 785 794 lilia
799 735 894 815 plenis

159 837 317 894 purpureos
332 835 460 894 spargam
476 814 568 888 flores,
584 815 770 895 animamque
784 816 896 894 nepotis

159 897 205 954 his
218 897 321 954 saltem
337 896 524 955 adcumulem
538 897 632 969 donis,
648 913 677 955 et
692 896 815 972 fungar'
807 897 886 955 inani

159 974 299 1037 munere!
340 976 380 1035 sic
397 991 458 1036 tota
472 977 579 1055 passim
594 977 710 1070 regione
724 992 863 1053 vagantur

159 1057 229 1116 aeris
243 1056 275 1116 in
289 1057 399 1135 campis
415 1057 490 1129 latis,
508 1073 595 1136 atque
611 1058 709 1116 omnia
724 1057 856 1118 lustrant.

158 1158 233 1216 quae
246 1153 400 1218 postquam
415 1138 559 1197 Anchises
575 1154 676 1198 natum
680 1158 749 1232 ‘uper
756 1138 867 1215 singula
881 1139 975 1214 duxit,

158 1218 360 1313 incenditque
364 1219 495 1277 animum
511 1219 605 1278 famae
620 1219 764 1278 venientis
779 1239 883 1292 amore,

160 1299 227 1358 exin
243 1298 360 1358 bella
333 1319 394 1358 vtro
409 1316 560 1373 memorat,
577 1321 651 1380 quae
666 1299 773 1359 deiude
786 1300 919 1377 gerenda,
988 1317 1028 1369 ιφ

159 1380 376 1460 Laurentesque
391 1380 478 1440 docet
494 1381 617 1460 populos
633 1382 791 1460 urbemque
805 1381 914 1453 Latini,

160 1475 190 1518 et
203 1481 261 1539 quo
275 1481 422 1556 quemque
437 1461 525 1522 modo
541 1462 691 1542 fugiatque
705 1463 835 1541 feratque
849 1461 987 1521 laborem

199 1556 267 1599 sunt
280 1541 412 1618 geminae
431 1542 531 1602 Somni
547 1560 656 1624 portae,
671 1564 792 1637 quarum
806 1544 896 1602 altera
910 1542 999 1600 fertur

159 1641 272 1694 cornea,
286 1643 344 1701 qua
357 1624 430 1682 veris
448 1623 542 1682 facilis
557 1625 642 1683 datur
656 1624 750 1684 exitus
764 1624 882 1696 umbris,

159 1702 248 1761 altera
262 1703 398 1762 candenti
414 1705 543 1782 perfecta
557 1705 653 1764 nitens
669 1706 834 1782 elephanto,

158 1782 209 1841 sed
223 1782 295 1842 falsa
310 1784 346 1842 ad
362 1785 476 1844 eaelum
491 1785 614 1844 mittunt
627 1785 771 1844 insomnia
786 1785 900 1846 Manes.

157 1863 202 1921 his
217 1862 257 1923 ibi
274 1879 337 1924 turn
353 1880 454 1924 natum
468 1864 609 1923 Anchises
624 1884 739 1942 unaque
754 1864 895 1940 Sibyllam

156 1944 340 2038 prosequitur
355 1944 450 2017 dictis,
464 1959 605 2023 portaque
619 1943 728 2003 emittit
743 1944 867 2003 eburna:

158 2023 252 2083 ille
225 2045 303 2084 viam
318 2039 396 2082 secat
410 2024 446 2083 ad
461 2044 556 2096 naves,
571 2024 719 2103 sociosque
733 2024 849 2098 revisit;

159 2121 222 2164 tum
238 2125 268 2162 se
282 2104 319 2162 ad
333 2103 453 2162 Caietae
466 2119 547 2162 recto
560 2104 617 2163 fert
631 2104 715 2164 litore
728 2120 854 2183 portum.
987 2134 1027 2176 900

159 2203 264 2244 ancora
278 2184 315 2243 de
329 2203 410 2262 prora
423 2182 544 2257 iacitur;
565 2198 642 2245 stant
656 2184 740 2246 litore
754 2206 875 2266 puppes.
