2558 4112
426 371 594 419 AENEIDOS
611 371 676 420 Lus.
692 371 704 418 1

153 504 250 562 Marte
264 500 356 578 gravis
370 500 514 577 geminam
529 517 611 577 partu
626 501 705 560 dabit
719 501 775 559 Ilia
788 503 908 579 prolem.

153 585 220 642 inde
235 584 319 660 lupae
335 582 417 640 fulvo
432 581 552 640 nutricis
567 581 694 657 tegmine
709 582 800 640 laetus

154 664 296 724 Romulus
312 662 439 740 excipiet
453 677 581 738 gentem,
596 679 625 722 et
642 663 786 722 Mavortia
801 664 908 723 condet

153 744 268 805 moenia
283 744 485 822 Romanosque
500 765 551 802 suo
565 744 601 802 de
616 743 735 801 nomine
749 743 836 802 dicet.

153 827 197 887 his
212 846 265 901 ego
280 845 334 882 nec
349 840 439 882 metas
452 845 548 883 rerum
564 844 617 883 nec
633 838 762 901 tempora
776 845 862 901 pono,

153 905 309 986 imperium
324 905 385 964 sine
401 905 458 964 fine
472 906 547 964 dedi.
590 905 660 983 quin
676 926 771 983 aspera
785 906 871 976 Iun0‚

153 1007 314 1068 quaemare
325 1007 404 1046 nunc
421 1003 562 1065 terrasque
574 1002 653 1045 metu
669 987 839 1065 caelumque
855 986 964 1062 fatigat,
986 1005 1024 1044 280

153 1069 274 1128 consilia
287 1068 318 1126 in
332 1067 436 1127 melius
451 1059 566 1138 referet,
580 1087 754 1145 mecumque
770 1067 879 1126 fovebit

154 1150 310 1221 Romanos,
323 1170 419 1208 rerum
434 1148 576 1220 dominos,
590 1165 764 1227 gentemque
780 1163 913 1224 togatam.

153 1232 192 1292 sic
208 1231 358 1309 placitum.
400 1230 498 1288 veniet
512 1229 606 1288 lustris
621 1228 783 1288 labentibus
798 1245 882 1299 aetas,

153 1333 221 1386 cum
236 1312 336 1370 domus
351 1311 479 1370 Assaraci
496 1310 630 1369 Phthiam
645 1311 789 1390 clarasque
806 1311 948 1385 Mycenas

154 1393 269 1451 servitio
282 1409 393 1470 premet
408 1413 439 1451 ac
455 1391 538 1450 victis
554 1390 748 1450 dominabitur
762 1391 854 1465 Argis.

154 1489 285 1531 nascetur
299 1474 421 1550 pulchra
435 1473 580 1531 Troianus
594 1472 704 1548 origine
720 1471 833 1542 Caesar,

154 1553 307 1630 imperium
322 1555 443 1612 Oceano
458 1554 563 1611 famam
577 1552 627 1632 qui
642 1553 780 1611 terminet
795 1551 881 1622 astris,

154 1634 256 1706 Iulius,
270 1655 286 1692 a
300 1653 409 1710 magno¹
418 1634 574 1692 demissum
589 1653 696 1692 nomen
712 1634 788 1692 Iulo.

153 1717 231 1774 hunc
248 1730 279 1773 tu
293 1715 365 1774 olim
379 1715 470 1786 caelo,
484 1714 580 1792 spoliis
595 1715 725 1773 Orientis
738 1730 885 1792 onustum,

154 1795 276 1873 accipies
291 1817 411 1864 secura3
432 1796 581 1863 vocabitur
595 1796 643 1854 hic
659 1815 774 1874 quoque
789 1793 872 1853 votis.
986 1822 1024 1863 προ

154 1891 325 1955 asperatum
340 1876 437 1954 positis
453 1877 606 1936 mitescent
621 1877 733 1934 saecula
748 1874 829 1933 bellis
843 1899 852 1945 ;

154 1977 224 2016 cana
239 1957 322 2016 Fides
336 1973 365 2016 et
379 1959 477 2030 Vesta,
494 1958 588 2016 Remo
602 1977 670 2015 cum
685 1957 770 2014 fratre
786 1955 928 2033 Qririnus

154 2037 215 2096 iura
229 2038 339 2097 dabunt
352 2063 360 2109 3
382 2038 459 2097 dirae
475 2039 549 2096 ferro
565 2053 596 2096 et·
608 2037 793 2114 compagibus
809 2036 874 2094 artis

153 2119 324 2178 claudentur
338 2119 414 2178 Belli
430 2135 527 2197 portae
541 2144 550 2190 ;
571 2120 661 2177 Furor
674 2117 770 2195 inpius
785 2118 862 2176 intus

153 2221 233 2258 saeva
247 2200 347 2260 sedens
362 2221 446 2278 super
460 2221 537 2258 arma
551 2216 580 2258 et
595 2215 714 2258 centum
729 2198 842 2264 vinctus
857 2197 933 2256 aenis

153 2297 216 2358 post
230 2295 342 2356 tergum
357 2281 438 2340 nodis
453 2281 557 2340 fremet
570 2279 700 2338 horridus
715 2299 763 2337 ore
778 2278 956 2368 cruento's

192 2363 263 2420 haec
280 2362 327 2433 ait,
344 2379 372 2421 et
388 2362 468 2420 Maia
482 2361 613 2438 genitum
628 2360 756 2418 demittit
770 2359 805 2417 ab
819 2361 888 2430 alto,

154 2459 186 2501 ut
200 2457 289 2501 terrae
304 2458 394 2522 utque
409 2463 500 2501 novae
516 2456 631 2520 pateant
645 2439 829 2518 Karthaginis
844 2459 921 2499 arces

153 2523 276 2601 hospitio
291 2523 425 2596 Teucris,
439 2544 476 2582 ne
491 2523 543 2582 fati
557 2522 652 2582 nescia
667 2522 745 2582 Dido

153 2603 256 2662 finibus
271 2620 389 2664 arceret.
431 2605 573 2664 volatilis
588 2625 638 2682 per
653 2613 714 2662 aera
728 2620 865 2679 magnum
985 2630 1023 2670 300

152 2685 271 2762 remigio
286 2686 404 2756 alarum,
419 2705 451 2744 ac
468 2685 576 2761 Libyae
591 2685 665 2744 titus
681 2684 789 2744 adstitit
802 2683 867 2742 oris.

64 2771 66 2779 '
152 2781 181 2824 et
195 2767 252 2825 iam
266 2766 340 2826 iussa
355 2767 434 2838 facit,
449 2782 620 2845 ponuntque
635 2766 741 2824 ferocia
757 2763 847 2823 Poeni

153 2847 237 2905 corda
251 2848 366 2906 volente
381 2848 436 2906 deo
449 2872 459 2918 ;
479 2848 510 2907 in
525 2845 624 2925 primis
638 2847 737 2922 regina
751 2845 883 2924 quietum

153 2927 258 3005 accipit
273 2928 303 2986 in
319 2929 451 2987 Teucros
468 2929 596 2988 animum
612 2943 799 3004 mentemque
814 2924 979 3000 benignam.

193 3024 221 3066 at
234 3007 299 3087 pius
312 3010 434 3080 Aeneas,
451 3031 502 3088 per
516 3025 633 3068 noctem
648 3007 773 3086 plurima
787 3006 915 3078 volvens,

152 3102 184 3146 ut
198 3089 324 3166 primum
339 3092 390 3150 lux
405 3092 480 3149 alma
492 3091 558 3150 data
572 3107 624 3162 est,
639 3089 718 3148 exire
733 3089 866 3167 locosque

152 3170 298 3247 explorare
312 3187 412 3244 novos,
427 3193 494 3251 quas
509 3189 597 3230 vento
612 3169 760 3230 accesserit
775 3190 845 3240 oras,

152 3250 200 3328 qui
215 3266 342 3323 teneant,
359 3273 425 3312 nam
441 3253 553 3312 inculta
567 3252 654 3321 videt,
669 3251 839 3310 hominesne
855 3250 978 3317 senene,

153 3351 287 3408 quaerere
303 3333 463 3405 constituit,
478 3333 616 3412 sociisque
632 3349 732 3391 exacta
745 3334 862 3391 referre.

152 3412 268 3472 classem
284 3413 315 3472 in
330 3435 461 3475 convexo
475 3433 627 3474 nemorum
643 3414 694 3472 sub
708 3435 780 3491 rupe
796 3429 893 3472 cavata
984 3439 1022 3478 310
