2562 4114
255 366 301 429 348
525 364 552 413 P.
570 362 710 411 VERGILI
728 363 883 411 MARONIS

294 508 422 553 extrema
433 492 491 552 iam
502 491 533 550 in
545 508 636 551 morte
649 517 659 564 ;
680 512 774 572 neque
785 495 840 551 hoc
852 492 913 550 sine
925 493 1045 552 nomine
1060 493 1163 554 letum

292 590 455 654 pergentes
470 573 533 646 erit,
549 589 597 632 aut
613 575 719 632 famam
732 573 848 651 patieris
862 573 982 633 inultae.

294 675 360 714 nam
375 654 552 734 quicumque
568 670 651 712 tuum
664 654 783 712 violavit
796 654 917 714 vulnere
932 675 1045 731 corpus,

292 752 385 795 morte
399 736 461 795 luet
476 734 596 794 merita!
638 735 694 793 fuit
708 735 809 811 ingens
823 748 924 793 monte
937 735 989 792 sub
1004 737 1065 794 alto

292 817 363 892 regis
379 816 527 876 Dercenni
543 831 656 874 terreno
671 836 705 874 ex
721 835 820 892 aggere
835 815 951 874 bustum
982 877 988 886 ,
1119 835 1162 884 εςο

293 897 406 974 antiqui
421 896 573 956 Laurentis
588 917 733 975 opacaque
748 897 814 954 ilice
829 911 940 954 tectum
953 919 963 965 ;

292 977 341 1038 hic
355 977 410 1036 dea
424 998 453 1036 se
466 977 594 1054 primum
607 977 706 1054 rapido
721 976 913 1054 pulcherrima
928 976 992 1035 nisu

292 1058 369 1117 sistit
383 1073 412 1117 et
426 1058 583 1116 Arruntem
598 1057 712 1116 tumulo
726 1056 891 1134 speculatur
905 1057 940 1114 ab
953 1057 1021 1116 alto.

293 1153 325 1197 ut
340 1139 414 1198 vidit
427 1139 588 1214 fulgentem
602 1137 685 1196 armis
700 1158 731 1196 ac
746 1158 818 1195 vana
832 1151 1002 1208 tumentem,

272 1219 362 1291 ‘cur,'
376 1219 482 1297 inquit,
496 1218 640 1278 ‘diversus
654 1219 736 1278 abis?
756 1221 813 1276 huc
829 1218 925 1294 derige
939 1237 1078 1292 gressum,

292 1302 352 1359 huc
366 1299 494 1377 periture
509 1299 586 1371 veni,
602 1299 695 1377 capias
711 1315 744 1358 ut
757 1298 844 1376 digna
859 1298 1000 1357 Camillae

292 1381 427 1457 praemia.
469 1395 541 1439 tune
556 1380 642 1438 etiarn
657 1380 722 1438 telis
736 1379 857 1437 moriere
872 1378 982 1436 Dianae
993 1378 1019 1436 ?’

291 1461 376 1530 dixit,
392 1475 420 1518 et
434 1476 532 1519 aurata
546 1461 693 1519 volucrem
709 1460 844 1518 Threissa
858 1458 988 1535 sagittam

291 1540 467 1618 deprompsit
480 1542 622 1617 pharetra,
638 1559 787 1618 cornuque
801 1539 914 1598 infensa
927 1539 1063 1610 tetendit,

292 1636 321 1680 et
335 1620 419 1680 duxit
434 1620 527 1696 longe,
542 1619 635 1679 donec
650 1636 766 1679 curvata
780 1627 891 1679 coirent

291 1701 367 1760 inter
380 1721 411 1758 se
425 1701 527 1779 capita,
543 1715 573 1760 et
587 1699 720 1760 manibus
735 1700 791 1759 iam
806 1715 935 1776 tangeret
949 1700 1056 1780 aequis,

291 1784 371 1841 laeva
386 1781 476 1841 aciem
492 1781 568 1854 ferri,
583 1781 684 1840 dextra
698 1801 843 1859 nervoque
857 1781 1002 1858 papillam.

292 1863 440 1940 extemplo
456 1863 506 1920 teli
521 1861 671 1920 stridorem
686 1882 823 1939 aurasque
839 1876 971 1920 sonantes

291 1943 383 2002 audiit
398 1964 455 2002 una
467 1944 586 2015 Arruns,
600 1943 748 2020 haesitque
762 1941 793 2000 in
804 1962 923 2019 corpore
937 1942 1054 2001 ferrum.

291 2023 376 2082 illum
391 2023 584 2100 exspirantem
599 2023 668 2082 socii
683 2037 768 2100 atque
783 2038 909 2081 extrema
923 2038 1089 2097 gementem

290 2103 374 2162 obliti
389 2103 489 2179 ignoto
504 2123 672 2180 camporum
686 2103 716 2161 in
731 2103 849 2180 pulvere
865 2101 1025 2180 linquunt3

292 2183 364 2260 Opis
380 2183 415 2241 ad
430 2184 589 2242 aetherium
604 2183 700 2260 pinnis
715 2184 842 2242 aufertur
857 2184 1028 2262 Olympum.

330 2263 423 2341 prima
438 2263 524 2340 fugit,
537 2263 655 2323 domina
668 2263 779 2335 amissa,
793 2263 864 2321 levis
880 2265 923 2321 ala
937 2263 1082 2324 Camillae
1096 2289 1105 2334 3

291 2343 397 2402 turbati
412 2344 530 2420 fugiunt
545 2345 659 2416 Rutuli,
674 2344 749 2420 fugit
763 2363 826 2402 acer
840 2345 952 2416 Atinas,

289 2423 458 2503 disiectique
472 2425 560 2483 duces
575 2425 753 2502 desolatique
767 2425 887 2502 manipli
1116 2443 1155 2494 870

290 2520 352 2564 tuta
366 2519 481 2582 petunt,
496 2520 526 2565 et
540 2505 620 2584 equis
635 2505 723 2563 aversi
738 2505 774 2563 ad
786 2504 901 2563 moenia
916 2505 1051 2564 tendunt.

289 2605 344 2645 nec
359 2585 510 2664 quisquam
525 2585 663 2644 instantes
678 2586 810 2644 Teucros
825 2586 975 2663 letumque
989 2586 1116 2644 ferentes

288 2680 448 2725 sustentare
463 2667 540 2725 valet
555 2666 629 2736 telis,
646 2681 695 2724 aut
710 2667 807 2724 sistere
822 2682 942 2737 contra3

289 2747 339 2806 sed
354 2747 433 2806 laxos
447 2747 578 2805 referunt
592 2748 697 2806 umeris
711 2747 915 2823 languentibus
930 2767 1019 2812 arcus,

288 2828 687 2905 quadrupedumqueputrem
695 2827 879 2906 cursuquatit
889 2827 997 2902 ungula
1005 2847 1152 2906 campum.

287 2908 414 2967 volvitur
428 2908 465 2966 ad
479 2928 575 2965 muros
590 2907 712 2984 caligine
728 2908 858 2967 turbidus
873 2924 933 2966 atra

288 2988 391 3065 pulvis,
407 3004 437 3046 et
452 3008 468 3046 e
483 2987 606 3066 speculis
620 3009 771 3066 percussae
785 3004 905 3066 pectora
918 3003 1025 3047 matres

288 3068 450 3127 femineum
466 3069 620 3127 clamorem
636 3069 670 3127 ad
685 3069 757 3128 caeli
772 3069 863 3128 sidera
878 3069 996 3128 tollunt.

288 3148 338 3225 qui
353 3168 437 3207 cursu
452 3165 546 3226 portas
560 3148 646 3227 primi
660 3148 794 3228 inrupere
807 3164 948 3227 patentes,

288 3230 339 3286 hos
354 3227 474 3287 inimica
489 3249 573 3306 super
586 3229 679 3289 mixto
693 3230 799 3308 premit
813 3229 927 3305 agmine
941 3229 1026 3288 turba
1039 3254 1048 3300 ;
1114 3247 1152 3286 aso

288 3327 342 3368 nec
358 3308 489 3366 miseram
505 3310 648 3386 effugiunt
662 3325 794 3382 mortem,
810 3309 859 3368 sed
873 3309 974 3369 limine
988 3309 1019 3367 in
1034 3310 1107 3387 ipso,

549 3402 562 3448 8
566 3413 597 3464 54
614 3403 738 3450 laetantem
749 3401 841 3452 animis.
