2558 4112
277 363 323 411 130
555 344 583 393 P.
599 342 743 392 VERGILI
760 341 918 392 MARONIS

320 475 478 556 porticibus
490 474 584 550 longis
598 475 682 552 fugit,
696 491 725 534 et
740 495 828 534 vacua
842 473 912 535 atria
925 476 1027 536 lustrat

320 556 441 617 saucius.
483 556 568 614 illum
582 557 683 614 ardens
697 556 802 616 infesto
816 557 936 615 vulnere
952 555 1077 634 Pyrrhus
1153 589 1189 630 ⁵²9
1224 622 1227 627 ,

320 637 490 716 insequitur,
505 635 561 696 iam
576 637 689 715 iamque
702 657 790 696 manu
805 652 885 696 tenet
899 652 928 696 et
940 638 1046 715 premit
1060 640 1149 699 hasta.

322 734 353 778 ut
368 718 485 776 tandem
499 733 566 776 ante
579 718 677 776 oculos
692 717 779 776 evasit
793 733 822 777 et
836 738 885 776 ora
898 734 1059 794 parentum,

322 798 457 870 concidit,
473 818 505 857 ac
520 799 613 857 multo
626 797 714 857 vitam
729 819 797 858 cum
812 799 948 874 sanguine
962 799 1047 858 fudit.
1266 861 1267 864 ,

320 880 367 938 hic
385 879 521 951 Priamus,
537 899 710 959 quamquam
723 879 755 937 in
769 879 864 938 media
877 879 933 938 iam
948 896 1040 938 morte
1055 896 1177 953 tenetur,

321 981 380 1020 non
395 976 491 1020 tamen
507 959 653 1032 abstinuit,
666 979 722 1018 nec
737 959 801 1018 voci
815 959 928 1039 iraeque
942 961 1081 1039 pepercit.
1266 951 1267 974 ¹

302 1048 349 1100 ‘at
364 1041 416 1101 tibi
431 1062 483 1120 pro
497 1039 622 1112 scelere,’
636 1041 786 1112 exclamat,
802 1046 872 1118 ‘pro
886 1039 989 1100 talibus
1003 1041 1083 1112 ansis,

321 1122 359 1194 di,
375 1121 397 1180 si
412 1138 525 1201 quaest
539 1122 619 1180 caelo
633 1121 730 1200 pietas,
746 1141 818 1202 quae
833 1121 899 1179 talia
913 1138 1004 1193 curet,

321 1203 485 1281 persolvant
500 1219 591 1280 grates
603 1203 710 1279 dignas,
726 1219 756 1260 et
768 1201 894 1280 praemia
908 1202 1028 1262 reddant

321 1283 427 1355 debita,
440 1283 491 1362 qui
506 1283 565 1342 nati
579 1303 675 1342 coram
689 1303 736 1342 me
750 1302 867 1342 cernere
882 1283 974 1342 letum

321 1363 426 1434 fecisti,
440 1379 469 1422 et
483 1363 586 1440 patrios
602 1364 719 1423 foedasti
734 1364 834 1422 funere
848 1364 954 1423 vultus.

321 1459 350 1504 at
364 1464 422 1502 non
437 1443 496 1514 ille,
513 1460 604 1503 saturn
619 1461 718 1523 quote
732 1444 869 1514 mentiris,
883 1444 1012 1504 Achilles
1152 1475 1189 1513 ⁵40

322 1524 385 1584 talis
399 1525 430 1582 in
444 1526 525 1582 hoste
539 1524 595 1582 fuit
610 1525 722 1584 Priamo
734 1549 744 1596 ;
764 1525 814 1584 sed
827 1525 888 1583 iura
902 1525 1045 1603 fidemque

321 1604 458 1684 supplicis
472 1604 595 1677 erubuit,
610 1625 769 1684 corpusque
783 1625 926 1682 exsangue
941 1607 1096 1684 sepulchro

321 1685 445 1745 reddidit
460 1684 649 1756 Hectoreum,
665 1706 769 1764 meque
783 1686 814 1744 in
829 1705 893 1746 mea
906 1706 992 1763 regna
1006 1685 1134 1747 remisit?

322 1766 361 1826 sic
377 1767 449 1826 fatus
463 1765 565 1836 senior,
582 1767 729 1844 telumque
744 1766 852 1825 inbelle
867 1766 927 1825 sine
942 1765 1001 1826 ictu

322 1847 458 1919 coniecit,
472 1867 559 1907 rauco
573 1847 650 1927 quod
663 1846 793 1926 protinus
807 1867 871 1906 aere
885 1847 1041 1926 repulsum,

322 1944 352 1987 et
365 1948 477 1987 summo
491 1928 579 2007 clipei
594 1928 768 2007 nequiquam
783 1927 909 1986 umbone
921 1928 1070 2006 pependit.

322 2007 370 2068 cui
386 2009 531 2086 Pyrrhus:
555 2009 675 2068 ‘referes
690 2027 757 2084 ergo
770 2009 852 2080 haec,
866 2024 894 2067 et
908 2008 1026 2068 nuntius
1041 2008 1095 2067 ibis

323 2087 437 2148 Pelidae
452 2089 574 2164 genitori
587 2114 597 2161 ς
617 2089 660 2150 illi
676 2109 740 2148 mea
753 2089 842 2148 tristia
856 2089 930 2148 facta

321 2168 549 2250 degeneremque
564 2170 791 2248 Neoptolemum
805 2190 917 2229 narrare
931 2185 1088 2230 memento.

321 2270 402 2310 nunc
434 2249 565 2310 morere.'
615 2253 671 2311 hoc
704 2251 813 2322 dicens,
839 2250 937 2310 altaria
971 2251 1007 2310 ad
1040 2251 1100 2330 ipsa
1132 2265 1188 2308 tre-

403 2347 532 2391 mentem
1150 2359 1190 2398 ⁵⁵0

321 2412 408 2472 traxit
423 2429 451 2472 et
465 2412 496 2471 in
511 2414 604 2472 multo
617 2412 775 2491 lapsantem
790 2411 926 2488 sanguine
941 2411 1009 2482 nati,

321 2492 513 2572 inplicuitque
528 2514 640 2553 comam
654 2494 744 2565 laeva,
757 2493 912 2570 dextraque
926 2512 1078 2552 coruscum

320 2573 425 2633 extulit
439 2593 471 2632 ac
487 2573 567 2632 lateri
581 2574 686 2652 capulo
699 2589 782 2633 tenus
797 2573 905 2632 abdidit
920 2592 1026 2631 ensem.

321 2655 391 2712 haec
406 2653 470 2713 finis
487 2653 591 2713 Priami
607 2655 752 2724 fatorum3
772 2653 821 2712 hic
837 2653 929 2712 exitus
944 2653 1029 2712 illum

320 2750 395 2794 sorte
409 2735 486 2806 tulit,
502 2733 621 2794 Troiam
636 2735 784 2793 incensam
799 2750 829 2794 et
842 2735 971 2813 prolapsa
985 2733 1131 2792 videntem

322 2814 467 2891 Pergama,
482 2830 526 2875 tot
540 2815 684 2894 qnondam
698 2815 812 2894 populis
827 2815 965 2893 terrisque
979 2814 1133 2893 superbum

321 2912 498 2971 regnatorem
513 2896 607 2956 Asiae.
648 2896 724 2955 iacet
737 2897 838 2972 ingens
853 2895 937 2955 litore
952 2909 1080 2967 truncus,

321 2976 507 3056 avulsumque
522 2976 628 3036 umeris
642 2993 737 3054 caput,
752 2992 781 3036 et
795 2976 857 3035 sine
872 2976 990 3035 nomine
1005 2995 1116 3054 corpus.

361 3071 389 3114 at
404 3077 450 3115 me
465 3073 528 3117 tum
542 3057 668 3134 primum
682 3077 779 3116 saevus
795 3056 985 3116 circumstetit
999 3057 1106 3115 horror.

320 3135 444 3214 obstipui
458 3160 468 3208 ;
488 3137 575 3197 subiit
590 3137 647 3197 cari
661 3137 795 3213 genitoris
810 3137 913 3212 imago,

321 3231 353 3274 ut
367 3235 464 3291 regem
478 3237 653 3296 aequaevum
668 3217 777 3276 crudeli
792 3218 912 3276 vulnere
926 3217 985 3275 vidi

320 3296 409 3356 vitam
424 3299 628 3369 exhalantem
649 3298 737 3356 subiit
750 3297 860 3356 deserta
875 3297 991 3368 Creusa,

321 3393 350 3438 et
364 3377 475 3457 direpta
487 3378 597 3448 domus,
613 3394 642 3437 et
655 3378 735 3457 parvi
749 3399 828 3439 casus
843 3378 911 3437 Iuli.
