2562 4114
405 342 572 392 nrurrnos
590 343 653 394 rm.
670 344 708 392 rx
970 359 1018 410 277

151 473 295 534 Ausonios
309 473 391 546 olim,
407 493 609 552 quaecumque
625 474 747 533 evaserit
762 475 845 534 undis

151 554 392 633 Dardaniumque
406 554 512 613 ducem
527 554 684 613 Laurentia
698 556 812 614 vexerit
827 577 901 630 arva,
982 588 1021 616 ιω

152 636 304 695 mortalem
319 633 440 713 eripiam
454 635 587 708 formam,
602 635 756 714 magnique
771 636 878 695 iubebo

152 715 281 795 aequoris
296 736 356 776 esse
370 717 448 789 deas,
463 716 555 795 qualis
570 716 679 775 Nere‘r'a
693 716 774 775 Doto

152 812 181 857 et
196 797 319 856 Galatea
334 813 433 856 secant
447 813 631 875 spumantem
644 813 764 876 pectore
777 799 921 877 pontum!

151 877 274 950 dixerat,
289 877 377 956 idque
392 893 487 936 ratum
503 878 594 955 Stygii
609 899 661 956 per
675 877 797 938 flumina
811 879 913 952 fratris,

149 979 202 1037 per
215 959 282 1036 pice
297 973 439 1018 torrentes
454 973 572 1038 atraque
586 959 721 1034 voragine
737 959 813 1038 ripas

150 1038 254 1099 adnuit
268 1053 298 1098 et
313 1053 408 1098 totum
423 1054 498 1098 nutu
513 1040 678 1098 tremefecit
693 1040 867 1118 Olympum.

191 1139 257 1196 ergo
271 1119 371 1179 aderat
384 1119 522 1198 promissa
536 1120 596 1178 dies
611 1136 640 1179 et
656 1134 786 1198 tempora
802 1121 907 1180 Parcae

149 1197 248 1260 debita
262 1201 453 1279 complerant,
469 1220 536 1259 cum
552 1201 649 1259 Turni
664 1200 771 1259 iniuria
787 1202 916 1260 Matrem

150 1281 302 1341 admonuit
316 1281 424 1340 ratibus
438 1280 523 1340 sacris
538 1281 684 1359 depellere
699 1282 805 1342 taedas.

148 1361 198 1421 hic
213 1362 340 1440 primum
355 1381 430 1420 nova
443 1362 494 1420 lux
509 1362 601 1421 oculis
615 1362 726 1420 offulsit
741 1378 770 1421 et
785 1363 885 1438 ingens
983 1394 1018 1422 ιω

149 1442 225 1501 visus
239 1443 275 1501 ab
289 1443 401 1502 Aurora
415 1442 529 1502 caelum
544 1458 736 1502 transcurrere
751 1443 867 1503 nimbus

151 1523 290 1602 Idaeique
303 1523 405 1596 chori3
426 1539 490 1583 tum
503 1544 559 1582 vor
574 1523 719 1582 horrenda
734 1543 786 1601 per
800 1545 878 1583 auras

151 1603 261 1663 excidit
276 1621 306 1663 et
321 1604 435 1663 Troum
451 1604 686 1682 Rutulorumque
702 1603 816 1679 agmina
831 1604 978 1682 complet:

130 1689 188 1744 ‘ne
204 1684 346 1763 trepidate
360 1705 447 1757 meas,
464 1683 586 1757 Teucri,
600 1684 759 1743 defendere
774 1705 869 1757 naves,

151 1786 225 1825 neve
239 1782 349 1825 armate
363 1786 488 1838 manus;
508 1765 598 1824 maria
613 1781 680 1824 ante
696 1785 816 1823 exurere
831 1766 937 1823 Turno

150 1867 237 1925 quam
251 1867 342 1906 sacras
357 1846 474 1905 dabitur
487 1846 584 1923 pinus.
627 1865 677 1902 vos
691 1844 733 1903 ite
749 1846 870 1917 solutae,

120 1954 122 1964 ·
150 1927 191 1986 ite
205 1927 277 1986 deae
291 1927 405 2006 pelagi3
426 1925 558 2002 genetrix
573 1924 675 1983 iubet!
718 1939 749 1984 et
764 1946 813 1984 sua
827 1945 960 2003 quaeque

150 2008 292 2068 continuo
305 2027 418 2086 puppes
433 2006 610 2083 abrumpunt
624 2005 743 2065 vincula
757 2005 826 2084 ripis

149 2088 381 2168 delphinumque
396 2086 482 2145 modo
496 2085 634 2145 demersis
649 2107 770 2165 aequora
784 2087 880 2146 rostris

148 2169 208 2227 ima
221 2183 337 2247 petunt.
378 2167 450 2226 hinc
463 2166 788 2243 virgineae-mirabile
802 2183 1005 2227 monstrum-

148 2249 277 2309 reddunt
291 2269 321 2308 te
337 2247 461 2308 totidem
473 2247 561 2307 facies
576 2262 727 2326 pontoque
742 2249 875 2307 feruntur
981 2278 1017 2307 121

148 2331 235 2410 [quot
248 2328 327 2408 prius
342 2344 452 2388 aeratae
467 2343 608 2388 steterant
622 2328 659 2388 ad
673 2327 758 2387 litora
772 2329 896 2408 prorae}

190 2410 356 2489 obstipuere
370 2409 474 2468 animis
488 2409 613 2481 Rutuli3
633 2409 808 2468 conterritus
822 2408 883 2488 ipse

150 2491 271 2552 turbatis
286 2491 437 2569 Messapus
454 2490 535 2569 equis
544 2516 553 2562 ;
575 2506 729 2550 cunctatur
740 2504 770 2550 et
784 2490 876 2549 amnis

149 2592 235 2632 rauca
249 2592 353 2631 sonans
367 2585 543 2650 revocatque
556 2572 663 2650 pedem
677 2570 837 2631 Tiberinus
852 2571 887 2630 ab
901 2571 970 2630 alto.

150 2669 180 2713 at
194 2673 254 2711 non
269 2651 371 2712 audaci
388 2653 492 2712 Turno
507 2653 612 2712 fiducia
627 2652 731 2723 cessit;

150 2734 228 2793 ultro
242 2733 352 2793 animos
368 2734 447 2793 tollit
461 2733 548 2793 dictis
561 2750 650 2812 atque
664 2733 796 2812 increpat
810 2734 906 2792 ultro:

130 2814 296 2873 ‘Troianos
309 2816 382 2874 haec
397 2829 524 2874 monstra
538 2829 662 2894 petunt;
683 2814 727 2873 his
742 2815 876 2892 Iuppiter
889 2813 950 2891 ipse

150 2894 294 2955 auxilium
308 2895 425 2955 solitum
440 2895 547 2975 eripuit
556 2921 566 2968 3
587 2916 646 2954 non
662 2895 720 2955 tela
735 2914 830 2973 neque
845 2895 924 2970 ignes

150 2990 320 3054 exspectant
335 2977 470 3036 Rutulos.
511 2996 578 3052 ergo
593 2975 682 3034 maria
696 2975 775 3034 invia
790 2974 923 3048 Teucris,
979 3003 1017 3044 ῳ

150 3076 206 3115 nec
221 3076 283 3135 spes
298 3057 358 3116 ulla
372 3057 458 3134 fugae
467 3082 477 3129 3
499 3077 595 3115 rerum
609 3077 673 3134 pars
687 3056 777 3116 altera
792 3057 927 3133 adempta
942 3072 1002 3124 est;

151 3152 226 3196 terra
240 3153 338 3196 autem
352 3137 383 3196 in
398 3137 501 3196 nostris
515 3137 667 3209 manibus3
684 3152 727 3196 tot
740 3137 821 3196 milia
835 3152 934 3214 gentes
980 3185 982 3192 s

150 3238 228 3276 arma
242 3219 342 3277 ferunt
356 3219 458 3278 Italae.
499 3217 542 3278 nil
557 3238 604 3277 me
619 3218 716 3277 fatalia
730 3233 850 3291 terrent,

150 3297 174 3357 si
189 3318 245 3376 qua
262 3298 386 3377 Phryges
399 3319 467 3377 prae
481 3319 511 3359 se
525 3299 641 3372 iactant,
659 3319 793 3377 responsa
807 3300 944 3359 deorum:

439 3409 484 3461 123
502 3395 574 3446 animi
586 3396 689 3447 Rutulis.
