2568 4114
419 369 587 418 assisinos
605 369 669 418 im.
686 370 751 418 vrn
991 371 1037 434 κός

175 518 260 558 aurea
276 519 365 571 nunc,
380 498 451 556 olim
465 497 642 556 silvestribus
656 497 773 556 horrida
786 497 889 558 dumis.

175 580 231 638 iam
247 595 309 637 tum
324 579 425 656 religio
438 578 557 656 pavidos
573 578 698 638 terrebat
712 595 835 655 agrestes

174 660 235 719 dira
251 659 330 730 loci;
350 659 408 718 iam
424 674 486 718 tum
501 659 602 718 silvam
618 679 775 738 saxumque
791 662 966 720 tremebant.
1001 691 1039 731 350

156 744 230 800 ‘hoc
245 759 357 812 nemus,
372 741 473 813 hunc,'
487 740 594 819 inquit,
613 741 767 800 ‘frondoso
780 741 889 800 vertice
907 742 1024 814 collem,

174 821 239 900 quis
252 821 323 880 deus
337 821 482 880 incertum
498 837 549 893 est,
560 821 674 880 habitat
687 821 758 880 deus
771 845 781 893 ς
801 822 927 880 Arcades
942 822 1038 900 ipsum

173 902 297 961 credunt
311 923 341 961 se
355 901 460 960 vidisse
475 903 575 960 Iovem
590 922 656 962 cum
672 923 756 980 saepe
772 903 935 978 nigrantem

173 983 273 1060 aegida
288 998 459 1042 concuteret
472 983 572 1042 dextra
587 983 760 1061 nimbosque
775 983 874 1043 cieret.

173 1065 243 1122 haec
259 1063 318 1121 duo
332 1079 480 1142 praeterea
495 1063 623 1122 disiectis
638 1064 744 1141 oppida
759 1063 857 1136 muris,

173 1144 309 1222 reliquias
324 1159 514 1222 veterumque
528 1144 609 1202 vides
624 1145 805 1204 monimenta
819 1145 956 1204 virorum.

173 1227 248 1284 hanc
264 1226 351 1283 Ianus
366 1240 457 1303 pater,
472 1227 548 1284 hanc
564 1226 704 1284 Saturnus
720 1224 853 1284 condidit
867 1245 962 1284 arcem
975 1249 984 1294 3

173 1305 340 1365 Ianiculum
354 1306 434 1378 huic,
449 1306 493 1364 illi
509 1305 602 1365 fuerat
618 1305 752 1365 Saturnia
767 1305 896 1366 nomen.'

173 1386 280 1446 talibus
295 1387 372 1445 inter
386 1407 416 1445 se
429 1386 514 1445 dictis
529 1387 565 1445 ad
580 1401 658 1446 tecta
673 1386 809 1446 subibant

172 1467 306 1544 pauperis
321 1467 458 1539 Euandri,
473 1467 637 1545 passimque
653 1483 784 1526 armenta
798 1467 938 1527 videbant
1001 1487 1040 1538 360

174 1548 365 1626 Romanoque
379 1548 444 1606 foro
459 1563 489 1606 et
503 1548 589 1608 lautis
604 1548 716 1624 mugire
732 1548 858 1610 Carinis.

173 1643 206 1687 ut
220 1643 341 1688 ventum
356 1629 392 1688 ad
406 1629 496 1701 sedes,
512 1629 623 1702 ‘haec,'
638 1629 745 1708 inquit,
762 1629 881 1688 ‘limina
895 1628 989 1689 victor

171 1708 289 1768 Alcides
304 1709 401 1782 subiit,
416 1712 488 1769 haec
504 1710 589 1770 illurn
604 1711 681 1786 regia
696 1710 786 1788 cepit.

173 1790 257 1864 aude,
271 1792 384 1868 hospes,
399 1806 589 1850 contemnere
605 1811 683 1868 opes,
699 1805 729 1848 et
744 1806 773 1849 te
787 1811 903 1868 quoque
917 1791 1038 1868 dignum

173 1871 249 1948 finge
263 1871 328 1943 deo,
343 1870 486 1950 rebusque
501 1871 568 1930 veni
583 1891 644 1928 non
660 1891 742 1947 asper
757 1870 873 1946 egenis.¹

173 1952 257 2025 dixit,
272 1967 302 2011 et
317 1951 428 2027 angusti
444 1952 543 2010 subter
558 1951 671 2027 fastigia
687 1951 755 2008 tecti

172 2033 324 2109 ingentem
337 2034 459 2090 Aenean
474 2031 568 2103 duxit,
584 2031 737 2110 stratisque
751 2031 858 2091 locavit

165 2114 309 2188 ,effultum
323 2112 401 2171 foliis
417 2129 447 2170 et
460 2112 538 2190 pelle
554 2111 711 2190 Libystidis
726 2133 817 2172 ursae.

213 2215 271 2252 nor
287 2192 356 2264 ruit,
371 2208 401 2251 et
415 2192 503 2252 fuscis
519 2193 656 2252 tellurem
671 2193 858 2271 amplectitur
872 2193 934 2254 alis.

171 2291 201 2334 at
215 2275 319 2333 Venus
333 2274 411 2332 haud
426 2273 525 2333 animo
540 2273 718 2352 nequiquam
734 2275 871 2334 exterrita
885 2289 979 2334 mater
1002 2304 1040 2344 370

171 2357 412 2434 Laurentumque
427 2353 513 2413 minis
528 2369 558 2414 et
573 2355 646 2413 duro
662 2369 741 2412 mota
754 2356 893 2427 tumultu,

171 2437 341 2496 Vulcanum
350 2435 527 2516 adloquitur,
535 2436 722 2514 thalamoque
732 2437 802 2494 haec
812 2435 943 2514 coniugis
953 2456 1039 2494 aureo

172 2517 287 2595 incipit,
303 2533 333 2575 et
347 2516 433 2576 dictis
446 2516 580 2576 divinum
596 2516 721 2595 adspirat
736 2536 861 2575 amorem
875 2539 882 2575 ε

153 2599 242 2656 ‘dum
257 2598 336 2656 bello
350 2597 478 2674 Argolici
493 2598 646 2656 vastabant
663 2595 800 2673 Pergama
814 2615 894 2672 reges

172 2679 271 2738 debita
286 2698 457 2757 casurasque
471 2677 598 2738 inimicis
614 2677 728 2754 ignibus
743 2698 831 2750 arces,

173 2780 234 2818 non
249 2759 342 2818 ullum
357 2759 498 2818 auxilium
514 2759 634 2830 miseris,
651 2779 710 2816 non
729 2778 806 2817 arma
821 2757 916 2834 rogavi

173 2841 241 2899 artis
256 2840 354 2918 opisve
369 2856 436 2899 tuae
449 2865 459 2911 ;
479 2861 535 2900 uec
552 2855 590 2912 te,
607 2839 753 2898 carissime
767 2838 907 2911 coniunx,

173 2920 354 2980 incassumve
369 2935 433 2980 tuos
447 2921 526 2979 volui
542 2941 678 2980 exercere
693 2920 814 2992 labores,

174 3001 304 3080 quamvis
319 3015 348 3060 et
364 3001 468 3060 Priami
483 3001 621 3060 deberem
635 3000 761 3078 plurima
776 3000 859 3071 natis,

175 3097 205 3140 et
217 3081 323 3140 durum
337 3082 455 3141 Aeneae
470 3081 612 3141 flevissem
627 3101 712 3160 saepe
727 3082 865 3141 laborem.
1001 3099 1040 3150 ,ευ

175 3181 254 3220 nuuc
269 3162 346 3220 Iovis
360 3162 488 3240 imperiis
504 3163 681 3221 Rutulorum
697 3161 828 3222 constitit
842 3162 919 3222 oris:

175 3262 242 3318 ergo
256 3243 358 3301 eadem
371 3245 495 3322 supplex
509 3243 607 3315 venio,
622 3259 652 3302 et
667 3258 800 3302 sanctum
815 3242 886 3303 mihi
903 3263 1012 3303 numen

175 3345 252 3383 arma
267 3344 343 3400 rogo,
357 3323 492 3400 genetrix
507 3322 585 3384 nato.
628 3339 657 3383 te
673 3324 731 3382 filia
747 3325 848 3398 Nerei,

233 3433 279 3486 337
297 3421 385 3470 urbem.
455 3421 499 3484 361
518 3422 579 3471 latis.
609 3423 720 3472 cavernis.
789 3423 833 3484 382
851 3439 946 3471 nomen.
