2556 4116
528 339 717 390 RVERGILI
734 339 892 388 MARONIS

300 489 420 552 stuppea
435 487 616 550 torquentem
633 471 757 530 Balearis
772 472 890 531 verbera
904 472 1020 542 fundae,

299 575 368 614 cum
383 553 433 612 nix
449 553 527 612 alta'
520 567 604 624 1acet‚
620 552 740 628 glaciem
755 573 823 611 cum
837 551 958 611 flumina
973 553 1103 613 trudunt.
1129 585 1170 622 310

341 634 412 713 quid
426 649 607 727 tempestates
622 634 755 692 autumni
770 651 799 692 et
814 634 904 693 sidera
918 634 1022 705 dicam,

299 732 394 794 atque,
411 714 483 773 ubi'
475 736 531 773 ram
546 715 715 793 breviorque
730 715 790 772 dies
805 730 834 773 et
849 715 963 773 mollior
978 730 1073 788 aestas,

300 816 371 875 quae
385 795 569 871 vigilanda
543 796 632 866 vrris;
652 796 699 855 vel
715 816 782 854 cnm
798 796 854 854 ruit
868 795 1049 854 imbriferum
1063 818 1123 868 ver,

300 878 395 954 spicea
409 877 467 934 iam
482 877 590 954 campis
605 897 673 934 cum
688 877 785 935 messis
800 877 952 949 inhorruit,
968 893 997 934 et
1012 898 1080 935 cum

300 957 464 1016 frumenta'
457 979 488 1016 1n
503 957 587 1015 viridi
604 957 707 1035 stipula
723 959 860 1026 lactentia
874 962 1010 1033 turgent?

299 1060 382 1116 saepe
397 1059 459 1115 ego,
475 1059 543 1097 cum
557 1037 636 1096 flavis
651 1059 805 1097 messorem
820 1037 969 1096 induceret
984 1039 1054 1096 arvis

299 1120 421 1196 agricola
437 1136 467 1178 et
481 1119 573 1196 fragili
589 1120 646 1178 iam
661 1120 812 1196 stringeret
826 1119 932 1177 hordea
946 1119 1054 1191 culmo,

299 1201 396 1259 omnia
412 1215 564 1260 ventorum
579 1222 750 1259 concurrere
764 1201 875 1278 proelia
888 1200 957 1272 vidi,

299 1303 371 1360 quae
386 1282 531 1358 gravidam
547 1283 604 1340 late
619 1299 743 1358 segetem
759 1282 794 1340 ab
807 1281 951 1340 radicibus
964 1281 1028 1339 imis

299 1363 452 1421 sublimem
467 1363 616 1440 expulsam
631 1377 776 1434 eruerent,
790 1362 829 1421 ita
844 1363 958 1421 turbine
973 1363 1062 1438 nigror
1130 1393 1169 1430 320

300 1445 387 1502 ferret
402 1443 513 1521 hiemps
529 1445 716 1522 culmumque
731 1445 826 1503 levem
841 1443 1014 1522 stipulasque
1029 1443 1166 1502 volantes.

299 1545 380 1602 saepe
396 1524 483 1584 etiam
497 1525 662 1583 inmensum
678 1525 758 1582 caelo
772 1525 853 1583 venit
867 1545 969 1602 agmen
984 1544 1131 1602 aquarum,

300 1622 329 1665 et
344 1605 457 1665 foedam
471 1605 631 1680 glomerant
646 1622 846 1684 tempestatem
861 1605 1000 1664 imbribus
1016 1605 1080 1663 atris

299 1687 437 1744 collectae
453 1707 489 1744 ex
505 1688 563 1744 alto
577 1685 669 1745 nubes
682 1713 691 1758 ;
711 1687 769 1745 ruit
784 1686 887 1744 arduus
902 1686 1009 1760 aether,

300 1783 329 1826 et
342 1767 441 1844 pluvia
455 1767 567 1842 ingenti
582 1783 641 1826 sata
654 1767 730 1826 laeta
743 1768 889 1845 boumque
905 1767 1013 1825 labores

298 1848 385 1907 diluit
398 1872 407 1916 ς
428 1848 579 1925 inplentur
593 1849 683 1907 fossae
698 1863 727 1907 et
743 1869 812 1907 cava
826 1847 947 1906 flumina
962 1863 1095 1906 crescunt

298 1949 367 1988 cum
382 1929 477 1988 sonitu
493 1929 641 2008 fervetque
656 1929 735 1988 fretis
751 1929 921 2008 spirantibus
937 1950 1050 2008 aequor.

298 2010 359 2087 ipse
376 2010 459 2068 Pater
473 2009 567 2068 media
583 2010 749 2068 nimborum
763 2010 794 2069 in
810 2026 895 2069 nocte
910 2030 1028 2069 corusca

298 2089 421 2148 fulmina
435 2090 554 2148 molitur
568 2090 689 2158 dextra3
711 2112 768 2170 quo
783 2091 909 2149 maxima
922 2105 1003 2150 motu

298 2186 372 2229 terra
387 2170 505 2241 tremit;
526 2171 625 2246 fugere
642 2172 716 2230 ferae
732 2189 761 2230 et
776 2172 906 2230 mortalia
920 2172 1006 2230 corda
1129 2201 1168 2239 3³0

298 2272 348 2328 per
362 2267 462 2327 gentes
476 2252 594 2310 humilis
610 2253 708 2313 stravit
723 2274 835 2332 pavor;
856 2253 906 2310 ille
921 2251 1051 2328 flagranti

298 2348 347 2391 aut
360 2334 460 2391 Athon
476 2348 525 2391 aut
539 2332 702 2412 Rhodopen
718 2349 768 2392 aut
783 2335 840 2392 alta
855 2333 998 2392 Ceraunia
1013 2333 1072 2391 telo

298 2413 386 2471 deicit
399 2438 409 2484 3
429 2413 610 2489 ingeminant
624 2414 722 2472 Austri
738 2429 767 2473 et
781 2414 963 2473 densissimus
977 2414 1092 2482 imber;

298 2514 377 2553 nunc
392 2515 510 2552 nemora
525 2494 637 2571 ingenti
652 2511 747 2566 vento,
765 2517 843 2555 nunc
859 2496 941 2554 litora
955 2495 1105 2573 plangunt.

297 2576 352 2633 hoc
367 2591 500 2634 metuens
515 2576 587 2633 caeli
604 2595 716 2634 menses
732 2592 761 2635 et
775 2577 865 2636 sidera
878 2597 967 2648 serva,

298 2655 400 2730 frigida
415 2655 529 2715 Saturni
544 2676 603 2714 sese
618 2678 676 2735 quo
690 2657 771 2715 stella
785 2673 913 2735 receptet
926 2683 936 2729 ;

298 2757 367 2813 quos
382 2737 454 2812 ignis
470 2737 551 2797 caelo
569 2738 721 2814 Cyllenius
736 2755 810 2798 erret
824 2739 855 2796 in
869 2740 961 2798 orbes.

298 2815 329 2873 in
343 2816 441 2892 primis
455 2839 593 2877 venerare
609 2818 685 2892 deos,
700 2835 785 2898 atque
799 2840 894 2878 annua
909 2839 1028 2894 magnae

298 2918 375 2956 sacra
388 2900 462 2957 refer
477 2900 578 2959 Cereri
594 2900 674 2959 laetis
689 2917 819 2978 operatus
834 2900 864 2957 in
880 2899 973 2957 herbis

298 2993 442 3037 extremae
456 2981 509 3039 sub
523 3001 620 3040 casum
634 2981 748 3053 hiemis,
763 2982 820 3039 iam
833 3001 900 3038 vere
915 3001 1025 3038 sereno.
1130 3007 1168 3046 340

298 3074 360 3118 tum
374 3059 495 3137 pingues
510 3061 575 3138 agni
591 3078 620 3121 et
634 3077 696 3120 tum
712 3060 920 3120 mollissima'
893 3081 968 3133 vina,

298 3155 361 3199 tum
376 3160 467 3198 somn1
460 3141 582 3200 'dulces
598 3142 784 3222 densaeque'
776 3163 806 3199 111
821 3141 968 3200 montibus
984 3141 1112 3200 umbrae.

298 3236 404 3279 cuncta
419 3221 471 3280 tibi
487 3223 625 3282 Cererem
639 3223 730 3317 pubes
745 3222 861 3299 agrestis
875 3222 995 3295 adoret3

296 3301 346 3360 cui
360 3305 393 3360 tu
408 3302 483 3362 lacte
498 3303 576 3362 favos
592 3320 621 3363 et
635 3304 699 3362 miti
714 3304 792 3363 dilue
808 3304 934 3377 Baccho,

482 3410 528 3458 327
545 3397 715 3458 spumantibus.
783 3412 829 3460 334
847 3398 945 3461 plangit.
