2556 4116
540 1169 664 1230 LIBER
685 1169 874 1232 TERTIUS

292 1339 341 1398 Tr
354 1360 478 1419 quoque,
494 1360 597 1415 magna
612 1341 702 1413 Pales,
717 1357 747 1400 et
761 1357 790 1400 te
804 1341 989 1401 memorande
1004 1360 1139 1400 canemus

290 1436 386 1498 pastor
400 1421 436 1479 ab
449 1422 624 1498 Amphryso,
641 1443 700 1493 vos,
715 1421 800 1480 silvae
815 1442 970 1501 amnesque
985 1421 1100 1498 Lycaei.

290 1516 395 1573 cetera,
412 1521 484 1579 quae
499 1520 601 1560 vacuas
616 1502 775 1562 tenuissent
789 1502 917 1561 carmine
931 1517 1051 1572 mentes,

290 1581 387 1640 omnia
401 1581 457 1640 iam
473 1581 587 1657 vulgata
602 1605 609 1641 z
632 1583 695 1661 quis
710 1599 757 1642 aut
772 1583 933 1660 Eurysthea
946 1583 1059 1654 durum,

290 1679 339 1722 aut
353 1662 492 1722 inlaudati
508 1663 601 1722 nescit
616 1662 753 1722 Busiridis
768 1668 848 1722 aras?

290 1744 338 1802 cui
353 1764 411 1803 non
426 1743 520 1802 dictus
535 1743 627 1820 Hylas
641 1765 722 1822 puer,
738 1760 767 1803 et
782 1744 904 1804 Latonia
917 1744 1016 1813 Delos,

291 1824 544 1905 Hippodameque,
560 1845 716 1904 umeroque
733 1825 836 1904 Pelops
850 1825 970 1901 insignis
984 1825 1104 1896 eburno,

290 1925 356 1964 acer
366 1906 467 1984 equis?
508 1907 675 1983 temptanda
687 1906 733 1965 via
744 1922 794 1976 est,
805 1927 861 1986 qua
871 1927 918 1966 me
928 1926 1042 1985 quoque
1053 1904 1160 1984 possim

291 1986 392 2046 tollere
406 1988 495 2045 humo
512 1986 664 2065 victorque
679 1987 773 2046 virum
787 1987 907 2046 volitare
922 2007 1043 2065 perora.

289 2066 399 2146 primus
413 2087 465 2142 ego
479 2067 510 2125 in
524 2067 646 2146 patriam
662 2088 790 2140 mecum,
804 2069 890 2128 modo
903 2067 961 2127 vita
975 2067 1107 2146 supersit,
1135 2097 1160 2126 ιο

289 2147 386 2207 Aonio
399 2147 511 2206 rediens
528 2148 670 2207 deducam
687 2149 796 2209 vertice
812 2151 932 2221 Musaa;

289 2229 397 2306 primus
412 2228 561 2288 Idumaeas
575 2230 698 2289 referam
715 2230 777 2303 tibi,
793 2231 929 2303 Mantua,
942 2231 1053 2308 palmas

290 2326 321 2369 et
334 2309 417 2369 viridi
433 2309 463 2368 in
479 2330 580 2388 campo
596 2311 739 2389 templum
754 2312 789 2370 de
804 2331 946 2371 marmore
960 2330 1067 2389 ponam

289 2408 407 2469 propter
421 2411 531 2469 aquam,
547 2391 634 2450 tardis
650 2392 750 2468 ingens
766 2391 815 2449 ubi
830 2391 952 2450 flexibus
967 2406 1041 2449 errat

290 2471 423 2531 Mincius
437 2487 465 2530 et
480 2486 579 2530 tenera
595 2472 739 2550 praetexit
755 2471 917 2530 harundine
932 2470 1015 2548 ripas.

289 2552 321 2612 in
335 2551 432 2612 medio
445 2553 517 2611 mihi
533 2552 638 2612 Caesar
656 2553 710 2611 erit
725 2553 925 2630 templumque
940 2550 1061 2611 tenebit.

289 2632 334 2692 illi
348 2634 442 2693 victor
456 2652 508 2708 ego
523 2648 553 2692 et
568 2634 662 2710 Tyrio
678 2649 847 2710 conspectus
862 2632 892 2690 in
907 2647 984 2692 ostro

290 2729 410 2773 centum
425 2713 604 2792 quadriiugos
620 2714 733 2791 agitabo
747 2714 784 2772 ad
798 2713 918 2772 flumina
931 2734 1040 2774 currus.

290 2810 396 2854 cuncta
409 2794 480 2853 mihi
494 2795 645 2874 Alpheum
661 2795 794 2874 linquens
808 2795 945 2874 lucosque
960 2791 1110 2853 Molorchi

290 2874 417 2935 curribus
432 2891 462 2934 et
476 2876 566 2935 crudo
583 2876 720 2935 decernet
734 2875 858 2935 Graecia
872 2890 978 2934 caestu.
1134 2902 1162 2931 ω

289 2955 350 3032 ipse
364 2972 452 3033 caput
466 2972 564 3016 tonsae
582 2956 657 3015 foliis
673 2973 789 3016 ornatus
804 2957 896 3015 olivae

289 3036 365 3095 dona
379 3036 476 3096 feram
521 3036 578 3096 iam
595 3057 675 3097 nunc
691 3038 843 3097 sollemnes
858 3037 963 3095 ducere
978 3053 1095 3114 pompas

290 3116 326 3174 ad
340 3116 460 3175 delubra
473 3116 551 3177 iuvat
567 3137 719 3197 caesosque
732 3118 828 3176 videre
842 3117 1002 3185 iuvencost

289 3197 336 3256 rel
352 3216 453 3256 scaena
468 3213 500 3257 ut
514 3198 602 3257 versis
616 3199 743 3258 discedat
758 3197 910 3269 frontibus,
925 3213 1015 3276 utque

291 3297 433 3356 purpurea
448 3277 554 3338 intexti
570 3279 676 3339 tollant
690 3280 790 3339 aulaea
804 3277 946 3338 Britanni.

524 3386 537 3436 3
556 3372 667 3422 carmina.
733 3386 765 3420 20
782 3371 891 3421 decernit.
