2562 4114
245 363 291 424 ,ει
513 361 540 408 1³.
558 357 699 407 vuuour
717 359 873 408 uanours

284 495 337 551 hoc
353 491 465 561 Venus,
478 490 600 550 obscuro
614 488 716 546 faciem
730 488 905 548 circumdata
919 489 1031 562 nimbo,

283 572 387 631 detulit
399 595 409 639 3
430 573 485 630 hoc
501 571 596 629 fusum
611 568 696 628 labris
710 569 926 646 splendentibus
940 590 1057 631 amnem

283 651 387 722 inlicit,
401 652 515 710 occulte
530 650 686 722 medicans,
701 650 862 728 spargitque
876 651 1000 710 salubres

283 733 437 792 ambrosiae
452 752 534 792 sucos
548 746 577 792 et
591 731 761 794 odoriferam
775 751 940 808 panaceam.

283 814 356 872 fovit
371 834 403 872 ea
416 813 521 872 vulnus
536 812 655 890 lympha
669 811 820 903 longaevus
835 812 910 890 Iapis
1111 844 1150 882 μυ

283 895 424 988 ignorans,
440 893 592 971 subitoque
606 891 699 953 omnis
714 893 750 952 de
763 913 881 970 corpore
896 893 971 968 fugit

283 976 391 1068 quippe
407 975 498 1045 dolor,
512 973 606 1034 omnis
620 973 699 1032 stetit
714 973 773 1034 into
786 973 905 1033 vulnere
919 973 1041 1066 saugrris.

283 1057 398 1134 iamque
412 1071 509 1114 secuta
522 1073 651 1126 turnum,
666 1053 749 1114 nullo
763 1069 895 1130 cogente,
909 1054 1009 1147 sagitta

283 1137 402 1228 excidit,
415 1151 502 1214 atque
516 1155 607 1194 novae
622 1133 754 1196 rediere
746 1155 778 1194 sn
792 1134 910 1212 pristina
923 1135 1009 1194 vires.

265 1226 360 1276 ‘arma
374 1217 425 1276 citi
440 1232 590 1309 properate
603 1214 684 1276 viro!
689 1215 778 1308 quid
792 1216 888 1275 statis.
882 1216 909 1260 >⁹
930 1215 1007 1293 Iapis

284 1299 453 1366 conclamat,
468 1297 636 1375 primusque
649 1296 758 1358 animos
772 1296 927 1356 accendit
918 1317 951 1355 ra
965 1299 1086 1360 hostem.

264 1387 343 1437 ‘non
358 1380 428 1437 haec
444 1378 577 1438 humanis
590 1377 702 1454 opibus,
716 1397 777 1438 uon
791 1391 850 1436 arte
864 1376 995 1452 magistra

284 1459 468 1536 proveniunt,
484 1477 578 1535 neque
594 1473 633 1529 te,
646 1459 757 1529 Aenea,
771 1477 834 1518 mea
848 1457 964 1520 dextera
976 1473 1069 1518 serrat
1081 1483 1091 1525 ;

284 1539 373 1597 maior
386 1539 445 1612 agit
459 1537 529 1596 deus
543 1553 629 1615 atque
644 1559 729 1614 opera
743 1538 779 1598 ad
792 1539 898 1600 maiora
911 1539 1053 1598 miniu'

284 1619 334 1677 ille
348 1617 445 1677 avidus
459 1637 571 1694 pugnae
585 1639 663 1677 suras
675 1618 832 1680 incluserat
847 1640 914 1680 auro
1110 1650 1147 1687 4³0

283 1699 353 1758 hinc
367 1714 451 1776 atque
466 1697 545 1771 hinc,
560 1697 680 1776 oditque
695 1718 795 1772 moras,
810 1701 976 1778 hastamque
990 1714 1130 1759 coruscat.

283 1795 433 1858 postquam
447 1779 551 1840 habilis
564 1779 644 1838 lateri
661 1779 771 1856 clipeus
786 1780 930 1859 loricaque
945 1795 1023 1855 tergo
1037 1795 1087 1851 est,

284 1861 440 1921 Ascanium
454 1860 523 1920 fusis
538 1859 649 1921 circum
664 1861 867 1938 complectitur
880 1861 975 1932 armis,

285 1961 452 2020 summaque
468 1962 519 2018 per
533 1941 642 2016 galeam
657 1940 787 2000 delibans
800 1942 899 2002 oscula
911 1942 1007 2001 fatur:

265 2023 371 2093 ‘disce‚
387 2041 467 2099 puer,
482 2021 620 2080 virtutem
635 2041 672 2082 ex
686 2041 904 2100 moveruntque
919 2023 1054 2094 laborem,

286 2103 431 2161 fortunam
445 2121 479 2160 ex
494 2102 567 2166 aliis.
609 2122 687 2163 nunc
703 2117 732 2163 te
747 2122 811 2162 mea
823 2102 940 2164 dextera
954 2103 1034 2162 bello

284 2183 436 2242 defensum
450 2182 529 2243 dabit
543 2198 572 2242 et
586 2203 687 2258 magna
701 2183 776 2243 iuter
791 2183 915 2260 praemia
929 2183 1017 2242 ducet
1031 2205 1038 2242 :

286 2279 317 2322 tu
332 2262 428 2332 facito,
444 2283 510 2324 most
524 2283 593 2324 cum
608 2278 718 2322 matura
728 2263 890 2324 adoleverit
903 2279 989 2335 aetas,

286 2344 322 2402 sis
335 2363 453 2414 memor,
469 2359 497 2405 et
513 2360 541 2404 te
556 2344 652 2406 animo
666 2359 845 2437 repetentem
858 2346 990 2424 exempla
1004 2360 1120 2404 tucrum

287 2439 315 2483 et
329 2439 408 2502 pater
421 2425 535 2482 Aeneas
549 2439 578 2482 et
593 2425 750 2486 avunculus
765 2424 873 2486 excitet
888 2421 1018 2484 Hector!
1110 2455 1147 2492 ⁴40

326 2507 396 2566 haec
411 2504 461 2564 ubi
475 2505 552 2564 dicta
567 2505 655 2577 dedit,
669 2505 758 2582 portis
772 2525 831 2564 sese
846 2505 973 2564 extulit
965 2525 1077 2580 augetis,

287 2585 400 2646 telum
392 2605 509 2644 inmane
523 2605 610 2644 manu
626 2600 756 2663 quatiens
769 2611 778 2656 ς
800 2585 884 2644 simul
899 2586 1013 2661 agmine
1028 2586 1118 2644 denso

286 2667 475 2744 Antheusque
490 2666 721 2745 Mnestheusque
735 2681 834 2738 ruunt,
848 2667 999 2744 omniaque
1013 2665 1122 2725 relictis

287 2747 368 2807 turba
382 2745 448 2806 fluit
462 2746 567 2806 castris.
609 2761 672 2808 turn
686 2767 774 2808 caeco
786 2747 903 2824 pulvere
918 2767 1035 2824 campus

286 2828 431 2898 miscetur,
445 2828 589 2906 pulsuque
602 2826 711 2904 pedum
726 2827 826 2889 tremit
841 2827 934 2888 excita
948 2827 1044 2886 tellus.

285 2907 359 2966 vidit
372 2908 407 2968 ab
421 2907 537 2966 adverso
550 2907 698 2969 venientes
713 2927 813 2984 aggere
827 2908 955 2980 Turnus,

285 2989 382 3047 videre
395 2987 527 3060 Ausonii,
541 2987 710 3066 gelidusque
722 3009 774 3066 per
787 2988 845 3048 ima
858 2989 989 3048 cucurrit

286 3089 345 3126 ossa
360 3085 487 3138 tremor·
507 3069 599 3146 prima
613 3085 680 3130 aute
693 3088 792 3130 omnes
807 3071 929 3132 Iuturna
942 3069 1063 3128 Latinos

287 3149 378 3208 audiit
392 3149 582 3227 adgnovitque
597 3169 708 3220 sorsum,
723 3167 753 3210 et
767 3151 933 3210 tremefacta
946 3150 1062 3226 refugit.

287 3229 337 3287 ille
350 3228 437 3299 volat,
450 3249 609 3308 campoque
624 3247 717 3292 atrum
730 3231 804 3308 rapit
816 3249 920 3306 agmen
934 3246 1041 3310 aperto.
1110 3259 1150 3299 4⁵0

287 3308 378 3387 qualis
392 3307 441 3368 ubi
456 3309 490 3368 ad
506 3325 590 3368 terras
603 3311 724 3389 abrupto
737 3312 827 3370 sidere
842 3312 958 3371 nimbus

519 3415 566 3462 422
584 3403 631 3450 imo
643 3403 675 3452 in.
778 3405 825 3464 446
843 3407 941 3464 agmine.
983 3457 984 3460 ,
