2562 4114
541 1205 664 1266 LIBER
684 1202 878 1266 DECIMUS

299 1364 454 1422 Parnm
467 1363 579 1423 interea
594 1364 696 1422 domus
711 1359 921 1440 omnipotentis
937 1361 1071 1439 Olympi,

297 1443 515 1522 conciliumque
529 1459 613 1503 vocat
627 1444 726 1502 divom
742 1458 825 1521 pater
842 1457 929 1524 atque
942 1440 1099 1500 bominum
1114 1461 1162 1499 rer

297 1523 438 1582 sideream
453 1523 485 1582 in
500 1525 609 1596 sedern,
626 1539 713 1582 terras
728 1523 807 1582 unde
823 1522 927 1581 arduus
940 1543 1043 1581 omnes

297 1619 445 1682 castraque
466 1603 672 1663 Dardanidum
690 1616 820 1682 aspectat
835 1603 1016 1682 populosque
1031 1602 1162 1663 Latinos.

296 1684 453 1744 considunt
468 1684 553 1743 tectis
568 1683 767 1762 bipatentibus
779 1709 789 1756 3
810 1684 915 1762 rncrpit
929 1704 1013 1762 ipse:

277 1765 451 1824 ‘caelicolae
465 1765 572 1842 magni,
587 1765 724 1844 quianam
739 1763 884 1824 sententia
898 1764 978 1822 vobis

296 1867 376 1905 versa
390 1862 477 1920 retro,
493 1862 666 1924 tantumque
680 1845 784 1906 animis
800 1845 915 1904 certatis
930 1843 1060 1938 iniquia?

297 1928 454 1986 abnueram
468 1927 547 1986 bello
563 1927 680 1986 Italiam
694 1947 867 1986 concurrere
881 1927 1015 1985 Teucria.

296 2028 369 2086 quae
384 2023 485 2067 contra
500 2007 624 2068 vetitum
640 2006 804 2066 discordia?
825 2006 888 2087 quia
902 2022 996 2066 metus
1011 2021 1062 2066 aut
1076 2007 1128 2066 hoa

296 2103 345 2146 aut
360 2089 411 2146 hos
426 2108 504 2147 arma
518 2087 599 2168 aequi
617 2089 784 2168 ferrumque
799 2088 938 2148 lacessere
953 2088 1063 2146 suasit?
1138 2117 1162 2145 ω

295 2167 432 2226 adveniet
446 2168 556 2228 iustum
569 2189 694 2248 pugnae,
709 2190 746 2228 ne
762 2169 903 2242 arcessite,
919 2185 1043 2247 tempus,

295 2269 362 2307 cum
377 2248 438 2308 fera
453 2249 602 2326 Karthago
618 2249 757 2309 Romanis
772 2250 884 2309 arcibus
898 2250 970 2309 olim

296 2327 417 2389 exitium
432 2350 570 2406 magnum
585 2345 671 2409 atque
685 2331 775 2408 Alpes
789 2331 922 2389 inmittet
935 2344 1049 2409 apertas
1063 2352 1070 2388 ε

295 2425 358 2469 tum
373 2426 482 2470 certare
497 2411 580 2484 odiis,
597 2425 660 2471 tum
674 2431 717 2470 rea
732 2411 858 2488 rapuisse
872 2411 984 2470 licebit.

295 2511 374 2550 nunc
389 2491 476 2550 sinite
489 2515 498 2560 ;
521 2507 550 2550 et
563 2492 712 2570 placidum
727 2491 796 2551 laeti
811 2491 979 2570 componite
994 2491 1118 2551 foedus!

335 2571 468 2651 Iuppiter
483 2574 555 2633 haec
570 2572 669 2650 paucis
682 2598 691 2644 ;
713 2587 741 2632 at
757 2593 817 2632 non
832 2573 934 2632 Venus
948 2592 1034 2632 aurea
1050 2589 1150 2631 contra

293 2673 385 2731 pauca
398 2653 487 2712 refert
501 2676 507 2712 :

275 2739 312 2791 ‘0
328 2734 421 2806 Pater,
436 2725 454 2793 ὁ
468 2733 622 2794 bominum
636 2755 789 2814 rerumque
804 2751 921 2794 aeterna
934 2735 1083 2813 potestas!

295 2834 419 2894 namque
435 2813 514 2873 aliud
528 2814 599 2893 quid
615 2815 660 2888 sit,
676 2815 826 2894 quodiam
842 2816 986 2894 inplorare
1000 2820 1161 2894 queamus?

294 2895 388 2954 cernis
403 2909 436 2954 ut
450 2895 593 2954 insultent
609 2895 723 2968 Rutuli,
739 2896 917 2974 Turnusque
931 2897 1041 2955 feratur
1138 2927 1163 2954 20

292 2996 346 3053 per
359 2975 470 3036 medios
484 2976 605 3054 iusignia
620 2977 700 3055 equis
716 2977 902 3056 tumidusque
917 2977 1048 3036 secundo

295 3057 394 3116 Marte
407 3062 493 3116 ruat?
515 3077 576 3116 nou
591 3057 686 3118 clausa
702 3073 805 3135 tegunt
819 3058 877 3118 iam
888 3057 1004 3116 moenia
1016 3058 1162 3117 Teucros.

293 3135 365 3216 quin
380 3136 456 3196 intra
471 3153 567 3217 portas
582 3154 668 3217 atque
683 3139 751 3218 ipsis
764 3139 875 3218 proelia
889 3139 1015 3198 miscent
1260 3141 1261 3150 ’

294 3217 441 3292 aggeribus
455 3239 621 3279 moerorum
636 3236 666 3279 et
680 3219 827 3279 inundant
840 3220 981 3296 sanguine
994 3220 1095 3280 fossas.

293 3299 407 3357 Aeneas
421 3297 536 3375 ignarus
552 3301 642 3360 abest.
683 3321 882 3381 numquamne
896 3299 985 3360 levari

635 3413 668 3459 24
684 3400 765 3448 fossae.
