2558 4112
416 374 584 425 AENEIDOS
602 375 665 425 LIB.
681 374 708 422 11

145 505 272 577 auditur,
286 503 462 583 propiusque
477 519 570 564 aestus
584 503 721 564 incendia
735 505 867 564 volvunt.

127 593 210 662 ‘ergo
226 607 286 662 age,
302 605 368 644 care
382 601 474 663 pater,
489 585 595 645 cervici
611 585 753 663 inponere
768 601 900 656 nostrae;

145 668 206 746 ipse
222 666 324 725 subibo
340 665 456 738 umeris,
473 686 527 724 nec
542 686 590 724 me
605 665 686 725 labor
700 665 754 724 iste
768 665 916 742 gravabit;

145 769 203 826 quo
217 768 261 804 res
276 766 402 824 cumque
416 746 532 819 cadent,
544 767 636 806 unum
652 761 681 805 et
692 766 848 804 commune
861 746 1015 825 periclum,

145 850 204 887 una
218 828 292 886 salus
307 827 445 886 ambobus
462 827 525 887 erit.
568 827 640 886 mihi
639 848 773 920 parvus
773 827 854 886 Iulus
978 835 1016 896 715

146 909 182 967 sit
197 929 303 981 comes,
320 923 349 966 et
364 910 450 984 longe
465 923 560 966 servet
573 906 693 1001 vestigia
708 907 847 967 coniunx

145 1010 204 1060 vos,
220 989 334 1060 famuli,
349 1009 421 1068 quae
437 987 542 1060 dicam,
557 988 661 1047 animis
676 988 818 1047 advertite
832 987 943 1048 vestris

146 1085 189 1128 est
204 1068 275 1128 urbe
291 1069 407 1145 egressis
423 1068 561 1128 tumulus
566 1068 767 1162 templumque
781 1084 928 1128 vetustum

145 1150 276 1208 desertae
291 1149 439 1222 Cereris,
431 1166 570 1228 tuxtaque
584 1149 703 1228 antiqua
718 1170 876 1228 cupressus,

146 1231 287 1306 religione
302 1246 417 1309 patrum
432 1231 539 1288 multos
554 1246 664 1289 servata
678 1251 731 1310 per
745 1251 853 1289 annos:

144 1313 221 1370 hanc
238 1330 272 1369 ex
287 1310 401 1370 diverso
415 1311 514 1372 sedem
527 1311 678 1370 veniemus
693 1311 724 1370 in
740 1332 837 1370 unam.

146 1407 187 1465 tu,
202 1391 326 1468 genitor,
342 1412 413 1470 cape
428 1412 506 1460 sacra
521 1411 610 1450 manu
624 1391 790 1470 patriosque
806 1393 949 1462 Penates;
999 1455 1003 1463 ι

146 1492 202 1544 me,
217 1473 297 1531 bello
313 1493 329 1531 e
344 1488 426 1531 tanto
441 1472 598 1548 digressum
614 1488 643 1531 et
657 1472 746 1531 caede
762 1473 884 1544 recenti,

146 1569 299 1612 attrectare
315 1552 405 1626 nefas,
421 1553 515 1614 donec
530 1573 577 1612 me
592 1551 714 1612 flumine
728 1553 795 1613 vivo

146 1632 282 1694 abluero?
978 1661 1017 1702 μα

146 1715 216 1773 haec
232 1714 317 1787 fatus,
332 1715 405 1774 latos
420 1735 534 1774 umeros
549 1713 737 1794 subiectaque
752 1713 828 1774 colla

111 1798 113 1804 '
145 1811 224 1854 veste
239 1816 325 1874 super
339 1795 494 1888 fulvique'
486 1811 633 1854 rnsternor
645 1795 726 1872 pelle
741 1794 853 1862 leonis3

146 1875 327 1968 succedoque
342 1876 434 1935 oneri.
476 1876 596 1934 dextrae
610 1895 640 1934 se
654 1895 757 1953 parvus
773 1875 855 1932 Iulus

146 1955 292 2035 inplicuit,
307 1956 495 2036 sequiturque
509 1971 621 2036 patrem
637 1975 696 2014 non
711 1953 839 2034 passibus
855 1954 972 2033 aequis:

146 2057 221 2114 pone
236 2036 314 2096 subit
329 2037 467 2097 coniunx.

436 2117 590 2176 ferimur
603 2136 656 2194 per
670 2137 759 2210 opaca
775 2117 925 2186 locorum;

147 2213 175 2257 et
189 2218 246 2271 me,
262 2219 349 2277 quem
363 2198 475 2257 dudum
490 2217 550 2256 non
566 2196 649 2255 ulla
640 2195 749 2256 iniecta
764 2199 922 2256 movebant

147 2279 212 2351 tela,
228 2299 324 2358 neque
339 2280 458 2338 adverso
472 2277 624 2354 glomerati
640 2298 675 2336 ex
691 2277 806 2353 agmine
821 2278 903 2350 Grai,

147 2379 224 2417 nunc
238 2380 340 2418 omnes
356 2374 467 2418 terrent
481 2379 575 2451 aurae,
591 2379 677 2416 sonus
693 2357 801 2417 excitat
816 2357 912 2415 omnis

146 2460 313 2518 suspensum
329 2456 358 2499 et
373 2439 480 2518 pariter
495 2438 653 2518 comitique
668 2431 809 2516 onerique
825 2437 989 2496 timentem.

145 2519 260 2614 iamque
273 2520 505 2599 propinquabam
518 2519 618 2599 portis,
633 2539 809 2597 omnemque
824 2517 943 2577 videbar
976 2547 1015 2586 ⁷30

146 2601 264 2659 evasisse
279 2601 365 2673 viam,
381 2600 476 2660 subito
491 2621 558 2660 cum
573 2599 675 2659 creber
689 2600 726 2658 ad
740 2619 820 2658 aures

143 2680 218 2740 visus
234 2681 331 2740 adesse
346 2682 458 2786 pedum
469 2681 588 2754 sonitus,
603 2679 776 2759 genitorque
789 2701 842 2758 per
857 2679 989 2738 umbram

142 2761 331 2839 prospiciens,
354 2759 458 2834 ‘nate,'
487 2727 639 2834 exclamat,
662 2761 756 2837 ‘fuge,
779 2776 866 2831 nate3
893 2760 1014 2839 propin-

223 2857 335 2921 quant·

142 2922 275 2985 ardentes
291 2923 400 3015 clipeos
415 2938 502 3001 atque
517 2943 582 2980 aera
597 2922 736 2981 micantia
751 2921 860 2980 cerno!

141 3003 189 3060 hic
206 3003 279 3061 mihi
295 3001 487 3081 nescioquod
502 3002 617 3081 trepido
631 3003 708 3061 rnale
723 3022 833 3062 numen
849 3001 975 3061 amicum

141 3083 293 3142 confusam
309 3083 416 3162 eripuit
430 3098 570 3142 mentem.
612 3103 738 3175 namque
753 3082 816 3140 avia
831 3103 914 3143 cursu

140 3162 211 3222 dum
227 3185 339 3242 sequor,
356 3180 385 3223 et
400 3180 469 3257 nota
485 3164 594 3223 excedo
609 3163 727 3239 regione
742 3163 863 3237 viarum,

139 3243 218 3303 heu
212 3244 218 3286 ¹
242 3245 348 3304 misero
362 3244 491 3304 coniunx
506 3245 605 3304 fatone
622 3258 720 3321 erepta
735 3244 845 3303 Creusa

140 3324 292 3383 substitit?
314 3325 458 3385 erravitne
473 3325 519 3384 via
533 3346 582 3384 seu
598 3325 668 3383 lassa
684 3323 813 3384 resedit?

139 3403 307 3476 incertum
329 3427 383 3466 nec
398 3422 463 3485 post
478 3407 569 3467 oculis
585 3421 628 3466 est
641 3405 755 3466 reddita
769 3405 883 3468 uostris.
975 3434 1013 3472 740
