2558 4112
244 338 275 386 ⁶6

514 335 541 384 Ρ.
559 335 703 385 VERGILI
720 335 877 384 MARONIS

283 488 350 526 saxa
363 488 415 547 per
430 483 459 527 et
473 467 604 546 scopulos
619 481 648 525 et
661 466 804 544 depressas
819 467 965 525 convalles

283 548 449 624 diffugiunt,
466 569 535 620 non,
551 547 637 620 Eure,
653 563 725 620 tuos,
741 567 836 624 neque
852 546 925 605 Solis
940 547 976 606 ad
990 564 1076 623 ortus,

282 629 312 688 in
330 630 443 688 Borean
460 629 657 707 Caurumque‚
672 643 720 687 aut
735 627 857 686 unde'
828 627 998 703 nigerrimus
1013 630 1119 688 Auster

281 710 409 768 nascitur
424 725 453 770 et
468 709 569 787 pluvio
584 709 734 768 contristat
748 709 853 784 frigore
868 709 990 768 caelum.

280 791 328 850 hic
344 791 472 862 demum,
488 790 676 869 hippomanes
690 809 759 848 vero
773 789 854 868 quod
865 790 984 849 nomine
998 790 1102 851 dicunt
1116 811 1155 850 aso

280 888 416 950 pastores,
433 872 547 930 lentum
561 871 688 930 destillat
701 870 759 929 ab
752 870 871 946 mguine
884 871 969 942 virus,

280 953 481 1045 hippomanes,
496 953 576 1031 quod
590 972 674 1031 saepe
688 950 780 1010 malae
795 952 889 1027 legere
904 971 1044 1012 novercae

280 1034 519 1127 miscueruntque
534 1033 638 1092 herbas
652 1048 682 1091 et
697 1053 757 1090 non
772 1031 890 1091 innoxia
903 1033 999 1092 verba.

322 1114 371 1172 sed
386 1113 483 1189 fugit
476 1129 596 1186 interea,
612 1113 686 1189 fugit
700 1112 889 1190 inreparabile
905 1128 1028 1192 tempus,

281 1194 392 1272 singula
406 1195 476 1254 dum
492 1195 569 1273 capti
586 1194 844 1254 circumvectamur
865 1214 972 1254 amore.

281 1278 335 1334 hoc
351 1275 416 1334 satis
433 1277 591 1335 armentis:
614 1290 729 1354 superat
742 1297 806 1354 pars
822 1275 911 1333 altera
925 1295 1020 1348 curae,

282 1357 422 1431 lanigeros
439 1356 546 1432 agitare
561 1377 659 1432 greges
676 1355 822 1434 hirtasque
837 1356 971 1434 capellas.

281 1436 329 1496 hic
345 1437 434 1509 labor,
450 1436 520 1494 hinc
538 1437 657 1496 laudem
672 1437 761 1496 fortes
775 1453 887 1515 sperate
902 1437 1008 1496 coloni.

281 1538 337 1578 nec
352 1537 416 1576 sum
431 1517 520 1576 animi
537 1516 652 1589 dubius,
667 1517 762 1576 verbis
777 1537 810 1576 ea
824 1517 940 1577 vincere
954 1537 1092 1592 magnum

282 1598 426 1677 quamsit,
439 1613 468 1657 et
482 1597 608 1674 angustis
624 1599 705 1657 hunc
718 1598 824 1656 addere
835 1598 919 1658 rebus
934 1599 1095 1666 honorem3
1116 1627 1155 1667 οφ

281 1680 332 1738 sed
347 1700 394 1739 me
410 1679 526 1738 Parnasi
541 1679 655 1738 deserta
669 1699 722 1757 per
736 1678 824 1737 ardua
838 1678 932 1738 dulcis

282 1776 375 1839 raptat
390 1781 468 1820 amor
477 1757 491 1831 3¹
508 1760 588 1820 iuvat
603 1760 645 1818 ire
661 1759 742 1835 iugis,
757 1780 814 1838 qua
828 1759 911 1818 nulla
924 1758 1053 1837 priorum

283 1841 439 1901 Castaliam
454 1841 536 1900 molli
552 1839 714 1900 devertitur
728 1840 820 1898 orbita
835 1839 920 1900 clivo.

323 1942 412 1994 nunc,
424 1922 591 1981 veneranda
605 1922 698 1994 Pales,
710 1941 815 1996 magno
830 1941 908 1980 nunc
920 1942 969 1980 ore
980 1922 1153 1981 sonandum.

282 2002 425 2080 incipiens
439 2001 557 2061 stabulis
575 2002 659 2062 edico
673 2003 704 2060 in
720 2002 856 2061 mollibus
870 2003 990 2061 herbam

282 2103 400 2161 carpere
415 2103 491 2154 oves,
507 2083 578 2142 dum
594 2103 661 2142 mox
677 2083 813 2141 frondosa
827 2083 975 2143 reducitur
990 2097 1090 2155 aestas,

283 2165 418 2223 etmulta
431 2164 534 2222 duram
550 2164 654 2242 stipula
669 2163 838 2242 filicumque
851 2163 987 2242 maniplis

274 2260 409 2304 ¹sternere
424 2245 523 2304 subter
537 2247 670 2319 humum,
687 2244 792 2322 glacies
808 2265 846 2303 ne
861 2244 964 2321 frigida
979 2245 1076 2303 laedat

282 2325 372 2384 molle
386 2346 484 2404 pecus,
500 2326 687 2404 scabiemque
702 2327 775 2384 ferat
790 2341 945 2404 turpesque
958 2326 1106 2403 podagras.

281 2407 430 2484 posthinc
445 2407 586 2482 digressus
603 2406 690 2466 iubeo
706 2407 872 2466 frondentia
887 2407 978 2483 capris
1117 2435 1155 2474 φο

281 2488 382 2546 arbuta
396 2488 525 2548 sufficere
541 2503 570 2547 et
586 2487 688 2546 fluvios
703 2488 841 2564 praebere
856 2503 995 2559 recentes,

283 2583 312 2626 et
327 2568 438 2628 stabula
452 2590 469 2628 a
484 2567 578 2628 ventis
593 2568 719 2626 hiberno
733 2589 879 2646 opponere
894 2567 946 2626 soli

282 2647 319 2706 ad
333 2649 464 2708 medium
479 2669 616 2708 conversa
631 2649 719 2743 diem,
734 2669 803 2708 cum
817 2648 934 2726 frigidus
948 2645 1020 2705 olim

282 2727 340 2788 iam
355 2730 432 2790 cadit
448 2746 637 2808 extremoque
654 2730 762 2789 inrorat
776 2730 918 2808 Aquarius
932 2748 1019 2787 anno.

282 2811 338 2868 hae
352 2831 469 2890 quoque
484 2831 543 2870 ιιοιι
560 2831 627 2870 cura
644 2811 727 2870 nobis
742 2811 850 2869 leviore
865 2809 999 2880 tuendae,

283 2909 338 2948 nec
354 2891 449 2951 minor
464 2913 530 2952 usus
546 2891 609 2964 erit,
626 2891 756 2985 quamvis
775 2891 893 2949 Milesia
906 2909 1012 2966 magno

282 2971 391 3030 vellera
406 2988 557 3032 mutentur
573 2972 702 3050 Tyrios'
694 2987 809 3030 incocta
822 2971 957 3030 rubores:

282 3050 399 3111 densior
412 3053 481 3113 hinc
498 3054 621 3126 suboles,
636 3053 706 3112 hinc
722 3051 791 3128 largi
806 3051 890 3130 copia
904 3052 1006 3123 lactis3

243 3137 245 3146 '
283 3152 371 3210 quam
385 3134 473 3209 magis
489 3137 627 3195 exhausto
642 3132 816 3212 spumaverit
830 3133 919 3193 ubere
933 3134 1066 3203 mulctra,

283 3212 359 3270 laeta
373 3214 463 3289 magis
477 3217 579 3293 pressis
593 3216 753 3274 manabunt
767 3213 889 3274 flumina
903 3214 1044 3274 mammis.
1113 3241 1153 3280 310

284 3313 339 3352 nec
354 3293 451 3354 minus
465 3294 576 3356 interea
591 3297 693 3356 barbas
707 3296 868 3374 incanaque
883 3312 982 3355 menta

540 3401 585 3452 305
603 3388 666 3439 haec.
735 3405 781 3452 309
797 3406 850 3452 quo.
