2568 4114
258 341 306 392 ²²4
527 324 554 373 P.
572 323 716 372 vukotul
733 324 892 374 MARONIS

339 455 450 514 interea
465 455 546 514 videt
558 455 673 514 Aeneas
687 454 719 512 in
733 455 810 514 valle
824 454 944 514 reducta

299 537 444 597 seclusum
458 555 561 596 nemus
577 551 606 596 et
620 535 744 612 virgulta
759 536 891 594 sonantia
906 535 1004 609 silvae,

298 618 520 695 Lethaeumque
535 619 635 676 domos
650 616 778 694 placidas
793 616 843 695 qui
858 631 1009 694 praenatat
1023 635 1147 676 amnem.

298 700 376 757 hunc
392 697 502 757 circum
516 697 687 760 innumerae
701 713 801 773 gentes
815 697 976 775 populique
990 697 1145 764 volabantt
1264 725 1265 792 q

299 799 331 838 ac
346 779 428 838 velut
443 779 474 836 in
489 778 577 856 pratis
593 778 643 838 ubi
658 799 725 857 apes
741 793 849 838 aestate
863 798 963 836 serena
1264 827 1265 846 2

298 860 415 919 floribus
430 859 562 920 insidunt
576 859 669 931 variis,
686 874 716 919 et
730 857 855 917 candida
869 858 978 917 circum
1264 867 1265 928 l

298 941 361 1000 lilia
375 940 558 1011 funduntur3
579 940 681 1018 strepit
695 939 789 998 omnis
803 959 950 998 murmure
964 958 1092 1018 campus.
1264 937 1265 940 ’

298 1021 438 1080 horrescit
452 1021 513 1080 visu
529 1021 626 1080 subito
641 1040 797 1098 causasque
811 1019 932 1098 requirit
1129 1050 1165 1088 710

298 1103 406 1162 inscius
420 1103 543 1174 Aeneas,
558 1122 632 1180 quae
647 1101 705 1160 sint
720 1121 754 1160 ea
768 1099 889 1159 flumina
899 1121 995 1194 porro,

298 1183 385 1262 quive
399 1181 452 1241 viri
467 1196 549 1241 tanto
564 1182 740 1296 complerint
754 1182 868 1258 agmine
883 1181 967 1258 ripas

299 1279 362 1322 tum
376 1278 458 1340 pater
472 1263 634 1322 Anchises:
657 1263 795 1335 ‘animae,
811 1262 914 1341 quibus
929 1261 1018 1320 altera
1032 1261 1093 1320 fato

299 1364 418 1420 corpora
432 1343 584 1415 debentur,
600 1343 723 1402 Lethaei
739 1343 776 1402 ad
790 1342 918 1402 fluminis
932 1343 1040 1401 undam

298 1444 410 1483 securos
426 1423 527 1483 latices
542 1439 571 1482 et
586 1423 672 1500 longa
687 1423 794 1483 oblivia
808 1439 921 1501 potant.
1115 1479 1117 1486 .

298 1507 348 1563 has
363 1503 500 1596 equidem
514 1523 673 1563 memorare
689 1503 743 1564 tibi
757 1520 845 1583 atque
859 1504 1011 1563 ostendere
1026 1523 1133 1572 eoram,

298 1583 467 1662 iampridem
482 1586 557 1643 hanc
573 1585 686 1663 prolem
701 1585 789 1664 cupio
803 1605 970 1644 enumerare
984 1604 1132 1643 meorum.

298 1686 356 1745 quo
370 1665 459 1742 magis
473 1665 559 1724 Italia
573 1685 689 1724 mecum
704 1665 812 1725 laetere
825 1663 956 1758 reperta(

279 1753 420 1824 ‘opater,
436 1766 512 1806 anne
529 1745 637 1825 aliquas
659 1747 696 1805 sd
716 1745 829 1806 caelum
850 1745 948 1806 hinc
940 1766 982 1804 tre
1002 1743 1167 1824 putandum

381 1842 424 1886 est

298 1907 436 1968 sublimes
451 1907 570 1979 animas,
585 1907 748 2002 iterumque
763 1907 795 1966 in
810 1908 889 1967 tarda
903 1907 1007 1966 reverti
1129 1937 1168 1974 720

298 1993 437 2065 corpora?
458 2009 532 2066 quae
546 1988 620 2048 lueis
635 1989 746 2048 miseris
762 2005 821 2048 tam
835 1989 897 2047 dira
912 1987 1048 2066 cupidoi'

279 2068 394 2127 ‘dicam
394 2069 556 2162 equidem,
570 2091 625 2129 nec
640 2083 669 2128 te
684 2090 863 2148 suspensum,
880 2086 958 2139 nate,
973 2068 1116 2138 tenebo'3

297 2148 416 2226 suscipit
429 2151 571 2209 Anchises
585 2165 672 2230 atque
687 2149 788 2210 ordine
803 2150 914 2226 singula
929 2147 1040 2228 pandit.

341 2229 502 2309 ‘principio
516 2232 632 2290 caelum
647 2251 680 2290 ac
696 2248 783 2290 terras
798 2250 971 2308 camposque
985 2229 1132 2308 liquentes

297 2310 504 2405 lucentemque
518 2312 638 2388 globum
652 2311 754 2372 Lunae
770 2310 948 2389 Titaniaque
962 2325 1035 2368 astra

298 2391 414 2470 spiritus
429 2392 508 2451 intus
524 2393 586 2466 alit,
601 2408 750 2471 totamque
765 2392 860 2450 infusa
874 2411 927 2470 per
941 2407 1017 2449 artus

296 2492 379 2531 mens
393 2473 481 2549 agitat
496 2474 614 2546 molem,
630 2490 659 2533 et
672 2493 777 2549 magno
791 2493 820 2532 se
834 2492 953 2549 corpore
967 2471 1080 2530 miscet.

297 2553 365 2612 inde
380 2553 532 2612 hominurn
547 2553 751 2632 pecudumque
765 2574 855 2629 genus
866 2553 1000 2631 vitaeque
1014 2552 1166 2611 volantum

298 2650 327 2692 et
341 2654 414 2712 quae
429 2654 589 2693 marmoreo
604 2635 661 2694 fert
674 2650 801 2694 monstra
816 2635 869 2692 sub
884 2653 1007 2712 aequore
1021 2647 1138 2711 pontus.

296 2715 398 2790 igneus
413 2730 456 2774 est
470 2714 536 2773 ollis
551 2715 632 2792 vigor
647 2731 676 2774 et
690 2714 818 2774 caelestis
833 2715 914 2791 origo
1128 2741 1168 2780 ⁷30

296 2795 465 2867 seminibus,
479 2811 622 2873 quantum
637 2817 697 2854 non
713 2797 799 2854 noxia
814 2816 933 2872 corpora
948 2795 1063 2855 tardant

297 2876 463 2954 terrenique
478 2876 621 2936 hebetant
635 2892 710 2935 artus
725 2877 956 2954 moribundaque
970 2874 1110 2933 membra.

295 2955 365 3015 hinc
381 2971 519 3016 metuunt
533 2957 724 3036 cupiuntque,
740 2957 841 3016 dolent
858 2957 1053 3034 gaudentque,
1069 2974 1165 3032 neque

378 3057 456 3095 auras

296 3115 456 3192 dispiciunt
471 3118 583 3176 clausae
599 3118 726 3178 tenebris
742 3134 771 3177 et
785 3137 899 3176 carcere
914 3137 1010 3177 caee0.

297 3195 369 3272 quin
385 3210 414 3254 et
429 3217 562 3274 supremo
576 3218 644 3256 eum
658 3198 771 3256 lumine
785 3199 844 3257 vita
859 3197 987 3276 reliquit,

296 3296 355 3333 non
371 3290 469 3335 tamen
484 3297 570 3336 omne
585 3278 694 3336 malum
709 3277 819 3337 miseris
834 3299 888 3338 nee
904 3277 1035 3337 funditus
1051 3293 1151 3334 omnes

273 3386 321 3434 704
338 3372 410 3422 silvis.
444 3387 491 3436 723
509 3375 610 3436 suspicit.
646 3390 693 3438 734
711 3377 839 3438 despiciunt
851 3377 909 3426 codd.
944 3375 1070 3437 respiciunt
1082 3373 1145 3422 Serv.
