2558 4112
514 361 541 407 P.
558 359 702 406 VERGILI
719 359 878 408 MARONIS

283 513 350 552 cum
365 505 529 585 properant,
546 489 594 547 alii
610 488 728 547 taurinis
743 488 861 547 follibus
877 509 955 547 auras

282 572 431 651 accipiunt
445 570 639 664 redduntque,
654 569 701 627 alii
716 569 900 628 stridentia'
880 585 996 646 tingunt

282 675 347 713 aera
362 654 451 722 lacu;
471 651 561 727 gemit
575 650 705 728 inpositis
720 650 874 709 incudibus
889 651 1004 722 Aetna;

282 735 351 794 illi
343 749 420 792 inter
434 753 494 791 sese
509 752 612 807 magna
625 752 654 789 vr
646 731 803 790 bracchia
817 731 925 790 tollunt

282 816 313 875 in
328 834 491 906 numerum,
506 829 679 890 versantque
694 812 789 870 tenaci
804 812 914 890 forcipe
929 813 1035 872 ferrum
1050 835 1058 872 :

283 917 343 955 non
357 894 489 968 aliter,'s1
503 915 590 971 parva
605 893 675 952 licet
690 913 865 970 componere
879 893 998 968 magnis,

284 975 462 1055 Cecropias
454 990 570 1033 innatus
586 995 653 1052 apes
668 994 748 1032 amor
763 989 865 1050 urguet
877 973 1013 1046 habendi,

283 1078 404 1117 munere
419 1076 564 1135 quamque
579 1076 640 1114 suo.
662 1054 850 1131 &grandaevis
865 1054 969 1131 oppida
984 1073 1072 1114 curae

285 1155 314 1198 et
327 1138 440 1197 munire
456 1137 534 1195 favos
550 1152 579 1195 et
593 1136 713 1194 daedala
728 1135 834 1210 fingere
849 1150 935 1194 tecta.

284 1235 313 1278 at
327 1220 415 1278 fessae
430 1219 523 1276 multa
537 1217 667 1276 referunt
682 1237 711 1274 se
725 1231 811 1275 nocte
826 1215 960 1288 minores,
1067 1277 1071 1288 ,
1113 1235 1151 1274 180

283 1320 366 1359 crura
381 1301 482 1375 thymo
495 1299 601 1376 plenae
615 1323 624 1368 3
644 1313 800 1375 pascuntur
815 1313 843 1355 et
857 1297 958 1355 arbuta
970 1297 1075 1374 passim

283 1396 312 1439 et
326 1380 440 1456 glaucas
455 1378 554 1437 salices
568 1378 732 1456 casiamque
746 1398 922 1456 crocumque
936 1377 1090 1437 rubentem

284 1477 313 1520 et
326 1460 465 1538 pinguem
480 1459 573 1518 tiliam
588 1475 618 1516 et
632 1458 811 1534 ferrugineos
826 1458 1007 1535 hyacinthos.

283 1540 418 1600 omnibus
433 1560 490 1598 una
503 1539 584 1617 quies
599 1559 729 1616 operum,
745 1539 825 1597 labor
839 1539 972 1598 omnibus
986 1559 1060 1597 unus
1075 1562 1081 1598 ι

283 1642 369 1680 mane
383 1635 472 1679 ruunt
486 1619 597 1698 portis·
618 1639 759 1696 nusquam
774 1640 875 1691 mora·
895 1640 988 1678 rursus
1004 1620 1119 1678 easdem

283 1723 384 1780 vesper
398 1701 447 1760 ubi
464 1722 480 1760 e
493 1716 574 1778 pastu
591 1700 710 1758 tandem
725 1700 866 1759 decedere
880 1700 988 1778 campis

283 1783 444 1853 admonuit,
459 1797 522 1862 tum
536 1797 614 1840 tecta
627 1796 743 1858 petunt,
757 1797 820 1840 tum
835 1803 952 1860 corpora
965 1797 1089 1840 curant
1081 1825 1091 1850 ‚

264 1858 268 1874 ’
283 1864 318 1923 fit
331 1863 441 1922 sonitus
455 1857 640 1941 mussantque
655 1883 715 1920 oras
731 1878 759 1921 et
774 1862 915 1921 limina
890 1883 1009 1920 circum.

283 1959 356 2038 post,
371 1943 494 2002 ubitam
507 1943 639 2001 thalamis
654 1964 683 2002 se
698 1963 895 2022 composuere,
910 1943 1009 2002 siletur

218 2057 221 2072 ι
284 2025 315 2084 in
331 2040 449 2084 noctem
463 2024 609 2102 fessosque
624 2045 707 2103 sopor
722 2045 787 2083 suus
801 2039 923 2102 occupat
938 2039 1023 2084 artus.
1113 2054 1151 2093 190

285 2126 340 2164 nec
355 2124 424 2163 vero
439 2125 454 2163 a
469 2103 586 2164 stabulis
600 2105 699 2183 pluvia
714 2105 894 2182 inpendente
907 2106 1050 2165 recedunt

284 2186 406 2262 longius,
422 2201 472 2244 aut
486 2186 610 2244 credunt
624 2187 706 2244 caelo
721 2187 942 2245 adventantibus
958 2187 1061 2256 Euris3

284 2268 336 2326 sed
350 2267 460 2326 circum
474 2282 555 2325 tutae
570 2268 623 2325 sub
637 2266 788 2326 moenibus
804 2267 881 2325 urbis
895 2282 1047 2345 aquantur,

285 2368 478 2426 excursusque
492 2349 593 2406 breves
608 2362 761 2425 temptant,
777 2362 806 2406 et
821 2368 905 2424 saepe
920 2348 1043 2425 lapillos,

284 2445 317 2488 ut
332 2428 454 2488 cumbae
468 2428 615 2488 instabiles
629 2427 720 2487 fluctu
736 2427 860 2486 iactante
875 2429 1030 2499 saburram,

285 2510 394 2568 tollunt
406 2534 416 2580 ;
436 2508 480 2566 his
494 2529 554 2567 sese
569 2529 620 2586 per
634 2509 734 2567 inania
748 2508 850 2567 nubila
863 2507 978 2566 librant.

284 2590 370 2649 illum
384 2590 455 2648 adeo
468 2589 610 2667 placuisse
625 2589 726 2667 apibus
741 2588 881 2648 mirabere
895 2607 1015 2658 morem,

284 2671 362 2750 quod
376 2690 472 2748 neque
487 2670 644 2729 concubitu
661 2670 813 2746 indulgent
827 2690 881 2728 nec
897 2689 1016 2746 corpora
1030 2689 1129 2744 segnes

284 2751 315 2810 in
330 2752 479 2810 Venerem
493 2750 609 2810 solvunt
625 2765 673 2809 aut
688 2751 763 2810 fetus
779 2751 893 2809 nixibus
908 2750 999 2809 edunt
1012 2775 1021 2820 3

284 2852 384 2890 verum
398 2832 475 2910 ipsae
489 2852 506 2890 e
521 2831 597 2890 foliis
612 2848 703 2904 natos,
720 2852 735 2890 e
750 2832 882 2890 suavibus
895 2830 998 2890 herbis
1112 2860 1151 2888 ιω

283 2933 334 2971 ore
348 2913 459 2988 legunt,
475 2913 552 2990 ipsae
565 2932 662 2989 regem
676 2933 835 2990 parvosque
850 2911 978 2989 Qrirites

283 2992 439 3066 sufficiunt,
454 2994 590 3071 aulasque
606 3009 634 3051 et
648 3013 731 3052 cerea
744 3014 831 3070 regna
845 2993 1001 3069 refingunt.

283 3092 368 3150 saepe
384 3074 472 3131 etiam
486 3074 563 3132 duris
579 3074 698 3132 errando
712 3073 743 3131 in
758 3074 871 3132 cotibus
886 3074 944 3132 alas

285 3152 418 3211 attrivere
433 3154 566 3232 ultroque
581 3154 707 3213 animam
722 3154 774 3212 sub
790 3155 868 3212 fasce
882 3154 987 3212 dedere
1002 3176 1008 3211 :

286 3247 382 3292 tantus
397 3254 476 3292 amor
491 3234 594 3294 florum
610 3249 639 3293 et
653 3234 811 3310 generandi
826 3235 916 3311 gloria
930 3233 1035 3292 mellis.

284 3335 352 3390 ergo
366 3314 439 3392 ipsas
453 3315 582 3392 quamvis
597 3315 708 3390 angusti
724 3315 864 3373 terminus
880 3315 943 3372 aevi

343 3421 388 3470 173
406 3415 508 3456 antrum.
578 3407 621 3469 185
639 3423 776 3471 numquam.
844 3421 891 3455 202
909 3407 1019 3469 refigunt.
