2562 4114
259 349 308 398 280
532 347 559 396 P.
576 343 718 393 VERGILI
736 344 894 394 MARONIS

236 497 238 502 ·
298 497 353 538 nec
370 478 411 536 fas
425 502 435 549 ς
458 497 541 536 non:
562 474 603 534 ita
616 495 663 534 me
678 475 785 533 referat
799 473 852 532 tibi
868 494 987 550 magnus
1001 490 1137 534 ovantem

298 558 432 637 Iuppiter
446 571 495 616 aut
509 556 687 637 quicumque
701 555 795 614 oculis
808 556 880 614 haec
896 555 997 649 aspicit
1011 555 1119 636 aequis.

298 641 350 700 sed
363 639 385 698 si
401 639 581 732 quis-quae
595 637 687 696 multa
701 635 782 695 vides
797 636 964 695 discrimine
979 636 1072 695 tali-
1126 669 1165 695 ιω

298 722 321 780 si
336 720 399 800 quis
413 740 445 778 ιιι
460 719 611 778 adversum
625 716 717 797 rapiat
731 737 847 777 casusve
861 717 977 790 deusve,

298 818 328 862 te
343 820 489 880 superesse
503 799 593 858 velim
606 823 615 870 3
637 813 686 858 tua
700 798 761 857 vita
775 798 889 874 dignior
904 813 991 858 aetas.

298 883 335 942 sit
349 881 399 962 qui
415 901 462 940 me
476 895 591 958 raptum
604 900 701 958 pugna
714 879 846 958 pretiove
861 879 1046 957 redemptum

298 962 419 1023 mandet
433 963 533 1034 humo,
548 961 633 1019 solita
648 975 698 1020 aut
712 959 734 1018 si
749 959 851 1039 quaid
867 960 982 1019 fortuna
996 959 1119 1031 vetabit,

298 1043 409 1104 absenti
424 1043 498 1102 ferat
513 1041 628 1100 inferias
643 1041 819 1120 decoretque
833 1041 995 1119 sepulchro.

298 1145 357 1184 neu
371 1123 456 1184 matri
470 1122 590 1182 miserae
606 1121 679 1181 tanti
694 1122 748 1181 sim
762 1140 846 1180 causa
859 1121 973 1193 doloris,

298 1226 372 1287 quae
388 1220 417 1264 te
432 1204 501 1274 sola,
515 1225 597 1282 puer,
613 1202 713 1262 multis
728 1222 743 1262 e
758 1201 896 1261 matribus
911 1222 977 1260 ausa

298 1285 489 1366 persequitur,
504 1284 601 1361 magni
617 1304 672 1342 nec
687 1282 802 1342 moenia
817 1297 898 1341 curat
912 1282 1055 1342 Acestae!

298 1367 349 1426 ille
363 1382 460 1425 autem
476 1370 592 1424 ‘causas
606 1364 783 1443 nequiquam
797 1362 890 1422 nectis
905 1362 1014 1434 inanes,

298 1467 353 1506 nec
369 1466 433 1506 mea
447 1445 504 1504 iam
519 1460 630 1504 mutata
644 1445 710 1504 loco
724 1443 868 1503 sententia
883 1443 981 1503 cedit:
1126 1473 1165 1501 220

298 1525 510 1586 adceleremus'
525 1525 574 1585 ait.
615 1525 716 1601 vigiles
731 1525 816 1584 simul
833 1524 960 1597 excitat3
981 1524 1024 1582 illi

298 1607 460 1668 succedunt
474 1621 645 1685 servantque
659 1606 737 1664 vices
751 1628 758 1666 ι
780 1605 902 1665 statione
916 1605 1018 1664 relicta

298 1689 360 1768 ipse
375 1708 472 1747 comes
487 1687 562 1746 Niso
576 1687 713 1764 graditur,
727 1707 883 1766 regemque
897 1685 1058 1766 requirunt.

339 1785 435 1830 cetera
449 1789 502 1848 per
516 1783 602 1828 terras
617 1788 718 1827 omnes
732 1768 868 1828 animalia
882 1787 982 1827 somno

299 1851 531 1910 laxabantcuras
547 1865 576 1910 et
590 1849 677 1908 corda
691 1849 783 1908 oblita
797 1848 929 1907 laborum
943 1871 951 1917 ;

299 1932 433 1992 ductores
449 1931 601 1991 Teucrum
615 1929 712 2008 primi,
727 1930 842 1988 delecta
856 1929 1000 2002 iuventus,

299 2013 454 2072 consilium
468 2011 586 2071 summis
601 2011 682 2086 regni
697 2011 734 2069 de
748 2010 832 2070 rebus
846 2009 1000 2082 habebant,

299 2093 370 2172 quid
383 2093 513 2151 facerent
527 2092 627 2171 quisve
641 2092 759 2150 Aeneae
774 2091 831 2151 iam
847 2090 966 2150 nuntius
982 2105 1063 2152 esset.

299 2187 376 2232 stant
390 2173 483 2248 longis
498 2173 597 2231 adnixi
611 2172 699 2232 hastis
714 2187 744 2231 et
758 2187 837 2231 scuta
852 2186 985 2231 tenentes

299 2269 456 2313 castrorum
472 2267 500 2312 et
514 2253 610 2331 campi
625 2253 732 2312 medio.
775 2268 838 2311 tum
853 2252 942 2311 Nisus
957 2267 986 2311 et
1001 2272 1059 2310 una
1128 2282 1168 2320 230

299 2334 440 2413 Euryalus
454 2334 609 2393 confestim
624 2333 731 2393 alacres
746 2333 893 2393 admittier
907 2347 1012 2392 orant:

299 2436 360 2474 rem
375 2435 517 2492 magnam,
531 2414 718 2493 pretiumque
735 2435 832 2473 morae
848 2415 918 2474 fore.
959 2413 1069 2492 primus
1083 2412 1167 2473 Iulus

299 2496 413 2575 accepit
428 2496 554 2574 trepidos
569 2516 600 2555 ac
616 2495 724 2554 Nisum
738 2496 835 2554 dicere
850 2494 939 2555 iussit.

300 2592 363 2636 tum
377 2575 417 2636 sic
432 2576 627 2655 Hyrtacides:
649 2576 765 2634 ‘audite
779 2597 797 2634 ο
811 2576 957 2635 mentibus
970 2574 1079 2654 aequis,

298 2657 463 2730 Aeneadae,
478 2677 553 2716 neve
567 2657 640 2716 haec
655 2656 759 2715 nostris
774 2671 944 2735 spectentur
958 2655 994 2715 ab
1008 2655 1104 2727 annis,

299 2758 372 2817 quae
388 2739 514 2798 ferimus.
557 2737 659 2796 Rutuli
674 2757 776 2796 somno
790 2737 918 2816 vinoque
932 2736 1018 2798 soluti

299 2819 468 2879 conticuere
481 2843 490 2890 ;
511 2819 610 2877 locum
625 2816 735 2876 insidiis
751 2818 953 2896 conspeximus
968 2816 1032 2894 ipsi,

299 2898 349 2976 qui
363 2913 444 2977 patet
458 2899 488 2958 in
503 2899 583 2957 bivio
596 2916 706 2976 portae,
721 2919 796 2977 quae
810 2899 941 2978 proxima
955 2913 1048 2977 ponto
1062 2922 1071 2969 ;

300 2977 455 3059 interrupti
469 2980 558 3056 ignes,
574 2995 693 3056 aterque
708 2979 744 3038 ad
759 2979 851 3038 sidera
866 2980 961 3038 fumus

300 3058 439 3133 erigitur3
460 3060 482 3118 si
498 3061 616 3120 fortuna
628 3058 795 3138 permittitis
811 3059 863 3133 uti,

299 3136 459 3216 quaesitum
473 3141 596 3199 Aenean
611 3154 641 3200 et
655 3141 770 3200 moenia
786 3141 944 3210 Pallantea,

300 3237 369 3276 mox
381 3217 430 3277 hic
446 3239 513 3279 oum
528 3221 625 3298 spoliis
641 3221 753 3297 ingenti
767 3221 857 3280 caede
871 3236 988 3300 peracta

299 3297 397 3356 adfore
412 3300 545 3359 cernetis.
588 3321 643 3360 nec
659 3322 712 3359 nos
724 3301 770 3360 via
785 3301 861 3361 fallit
877 3317 999 3361 euntes:

299 3375 423 3436 vidimus
437 3377 565 3439 obscuris
579 3382 702 3459 primam
716 3382 768 3442 sub
782 3382 907 3442 vallibus
922 3382 1024 3442 urbem
