2556 4116
251 415 283 450 ιο
523 403 549 449 n.
567 399 710 448 veneni
728 399 885 450 Mnuoms
915 382 921 396 '

291 533 405 609 Mopse,
420 552 506 590 novas
521 531 617 590 incide
632 531 727 590 faces:
750 531 802 589 tibi
817 530 934 590 ducitur
948 551 1040 601 ux0r3
1133 561 1160 600 30

290 633 398 691 sparge,
413 612 524 684 marite,
540 633 628 671 nuces
643 636 653 682 ;
674 611 727 676 tibi
742 611 846 671 deserit
860 613 1006 689 Hesperus
1022 613 1139 672 Oetam.

330 693 426 770 incipe
442 693 602 752 Maenalios
617 712 743 762 mecum,
759 713 823 750 mea
837 692 916 764 tibia,
930 713 1035 752 versus.

289 797 307 834 o
320 774 407 849 digno
421 773 576 832 coniuncta
590 773 661 844 viro,
675 773 745 831 dum
759 773 881 852 despicis
896 794 1004 844 omnes,

289 856 416 934 dumque
431 855 483 912 tibi
500 871 541 913 est
555 855 621 912 odio
635 875 700 912 mea
713 854 808 913 fistula
821 855 948 932 dumque
963 855 1090 933 capellae

289 937 489 1013 hirsutumque
504 935 690 1013 supercilium
705 935 897 1013 promissaque
912 935 1006 1006 barba,

289 1038 344 1076 nec
360 1037 458 1074 curare
472 1015 560 1075 deum
575 1015 666 1074 credis
681 1016 811 1073 mortalia
825 1035 1007 1094 quemquam.

331 1097 426 1175 incipe
442 1097 603 1155 Maenalios
618 1117 744 1167 mecum,
759 1116 823 1154 mea
837 1096 914 1167 tibia,
930 1117 1034 1156 versus.

290 1179 418 1256 saepibus
433 1178 463 1236 in
479 1177 582 1237 nostris
596 1199 712 1255 parvam
727 1194 756 1236 te
771 1177 880 1235 roscida
894 1177 1009 1235 mala-

289 1261 347 1318 dux
364 1281 416 1335 ego
430 1275 523 1319 vester
537 1257 714 1318 eram—vidi
730 1278 798 1318 cum
812 1274 901 1317 matre
916 1257 1070 1334 legentem.

289 1341 362 1400 alter
375 1340 410 1398 ab
425 1339 580 1398 undecimo
596 1356 658 1398 turn
674 1360 720 1398 me
735 1339 792 1398 iam
807 1355 955 1416 acceperat
969 1359 1060 1398 annus
1073 1365 1081 1411 ;
1133 1371 1160 1408 40

290 1422 346 1480 iam
362 1421 473 1496 fragiles
487 1436 618 1498 poteram
633 1421 668 1479 ab
682 1436 755 1479 terra
770 1421 937 1496 contingere
952 1439 1052 1480 ramos.
1262 1408 1263 1496 l

291 1519 322 1562 ut
336 1502 405 1573 vidi,
420 1517 452 1560 ut
465 1502 547 1579 perii,
564 1517 595 1560 ut
611 1521 657 1560 me
672 1501 764 1559 malus
779 1501 896 1560 abstulit
910 1501 1006 1560 error!
1262 1503 1263 1531 ³

330 1582 427 1660 incipe
443 1582 604 1641 Maenalios
619 1603 745 1654 mecum,
761 1603 825 1640 mea
839 1582 919 1654 tibia,
933 1601 1038 1642 versus.

289 1684 368 1724 nunc
385 1663 451 1732 scio,
468 1663 538 1741 quid
552 1663 589 1720 sit
603 1665 703 1723 Amor.
746 1663 823 1721 duris
839 1663 869 1720 in
886 1662 996 1721 cotibus
1010 1663 1096 1721 illum
1262 1691 1263 1723 t

290 1760 339 1804 aut
354 1745 477 1802 Tmaros
492 1760 540 1802 aut
556 1745 697 1823 Rhodope
712 1760 762 1803 aut
776 1745 897 1802 extremi
914 1744 1104 1803 Garamantes
1262 1752 1263 1785 l

290 1846 343 1884 nec
358 1825 468 1901 generis
483 1825 573 1883 nostri
588 1846 711 1902 puerum
726 1846 781 1884 nec
798 1823 941 1901 sanguinis
957 1824 1056 1884 edunt.

330 1907 427 1984 incipe
443 1905 604 1964 Maenalios
619 1927 744 1978 mecum,
761 1927 825 1964 mea
839 1905 918 1976 tibia,
933 1925 1039 1965 versus.
1262 1946 1263 1985 q

289 2008 386 2046 saevus
401 1989 492 2044 Amor
507 1986 607 2045 docuit
622 2004 755 2046 natorum
771 1987 907 2063 sanguine
922 2001 1042 2045 matrem
1262 1992 1263 2022 l

290 2069 498 2127 commaculare
513 2087 614 2126 manus
629 2093 638 2138 ;
660 2069 783 2127 crudelis
799 2084 830 2127 tu
845 2089 968 2147 quoque,
983 2083 1083 2126 mater.
1262 2023 1263 2113 l

290 2148 412 2208 crudelis
427 2163 517 2206 mater
531 2148 628 2223 magis,
644 2170 679 2207 an
695 2171 766 2226 puer
782 2149 919 2228 inprobus
934 2149 1006 2208 ille?
1134 2177 1161 2216 50
1262 2154 1263 2241 y

289 2229 425 2307 inprobus
439 2229 490 2286 ille
504 2250 576 2306 puer
589 2255 598 2300 ;
620 2230 743 2289 crudelis
759 2245 791 2290 tu
806 2251 929 2309 quoque,
945 2247 1044 2290 mater.
1262 2248 1263 2305 y

329 2309 426 2387 incipe
443 2310 604 2368 Maenalios
619 2331 745 2384 mecum,
761 2332 825 2371 mea
840 2311 919 2383 tibia,
934 2332 1038 2370 versus.

289 2412 368 2450 nunc
384 2405 413 2449 et
427 2410 493 2449 oves
510 2392 585 2450 ultro
600 2391 690 2466 fugiat
704 2392 798 2469 lupus,
814 2412 897 2450 aurea
911 2392 998 2450 durae

289 2473 363 2532 mala
377 2473 469 2530 ferant
484 2487 616 2550 quercus,
631 2473 755 2530 narcisso
770 2471 869 2531 floreat
883 2473 972 2540 alnus,

288 2553 406 2632 pinguia
421 2553 577 2612 corticibus
591 2553 697 2610 sudent
711 2553 818 2610 electra
831 2552 965 2628 myricae,

289 2651 400 2693 certent
415 2649 444 2693 et
458 2633 558 2710 cycnis
574 2633 680 2702 ululae,
694 2632 730 2691 sit
745 2632 864 2708 Tityrus
881 2633 1026 2710 Orpheus,

290 2715 423 2792 Orpheus
438 2715 469 2772 in
484 2714 571 2784 silvis,
587 2713 663 2771 inter
676 2713 826 2790 delphinas
840 2714 940 2773 Arion.

331 2796 426 2873 incipe
442 2795 604 2853 Maenalios
620 2813 745 2864 mecum,
761 2815 825 2853 mea
839 2794 917 2865 tibia,
933 2815 1038 2854 versus.

288 2875 386 2934 omnia
399 2877 447 2936 vel
461 2876 589 2934 medium
605 2875 653 2933 hat
668 2895 754 2936 mare.
796 2875 893 2948 vivite,
910 2875 1013 2934 silvae:

288 2977 422 3034 praeceps
438 2958 504 3015 aerii
521 2957 637 3034 specula
651 2957 687 3014 de
702 2956 808 3015 montis
823 2956 854 3015 in
871 2955 959 3015 undas
1134 2975 1161 3014 σο

288 3037 397 3095 deferar
411 3063 420 3108 ;
443 3053 606 3096 extremum
620 3039 675 3096 hoc
692 3058 796 3097 munus
811 3037 960 3096 morientis
974 3038 1088 3097 habeto.

329 3118 427 3176 desine
443 3119 613 3190 Maenalios,
630 3118 686 3177 iam
701 3119 810 3190 desine,
826 3117 903 3188 tibia,
919 3139 1025 3177 versus.

329 3201 400 3257 haec
415 3199 531 3258 Damon
546 3223 553 3259 ε
575 3221 633 3270 vos,
649 3221 723 3278 quae
737 3199 916 3276 responderit
930 3197 1152 3276 Alphesiboeus,

289 3278 389 3351 dicite,
405 3279 531 3338 Pierides
544 3306 553 3350 3
575 3302 634 3340 non
649 3281 746 3340 omnia
760 3301 909 3358 possumus
924 3300 1034 3339 omnes.

332 3362 371 3420 A.
394 3362 463 3419 effer
477 3382 588 3440 aquam,
605 3377 633 3420 et
648 3361 729 3421 molli
744 3361 828 3436 cinge
843 3363 913 3419 haec
928 3360 1026 3418 altaria
1040 3359 1121 3431 vitta,

290 3443 483 3520 verbenasque
498 3443 580 3500 adole
594 3443 714 3520 pingues
730 3457 759 3501 et
773 3442 898 3500 mascula
913 3457 983 3511 tura,
