2558 4112
401 342 567 393 AENEIDOS
584 343 648 392 LIB.
664 343 690 391 11
957 357 1000 406 ¹29

130 473 263 537 custodes
276 473 394 531 sufferre
410 471 515 531 valent.
558 471 633 530 labat
648 471 735 531 ariete
750 473 849 532 crebro

130 557 224 625 ianua,
241 569 270 612 et
285 553 373 612 emoti
387 552 583 630 procumbunt
598 553 713 612 cardine
727 570 829 632 postes.

131 637 164 697 fit
177 636 224 694 via
238 635 266 692 vi
280 656 287 694 :
309 649 450 711 rumpunt
463 633 563 704 aditus,
578 633 741 713 primosque
755 635 901 694 trucidant

130 716 240 777 inmissr
232 714 359 785 Danai,
374 731 402 772 et
417 713 472 772 late
488 714 550 772 loca
564 714 656 774 milite
672 715 828 793 complent.

132 818 191 857 ιιοιι
206 797 256 867 sic,
271 795 419 872 aggeribus
433 793 523 887 ruptis
536 815 604 854 eum
619 815 751 872 spumeus
766 795 856 855 amnis

131 876 203 937 exiit
217 877 415 969 oppositasque
429 875 516 934 evicit
530 875 640 952 gurgite
654 877 752 947 moles,

132 958 244 1017 fertur'
237 978 268 1015 ιιι
283 977 348 1014 arva
362 958 459 1014 furens
472 956 603 1028 cumulo,
618 977 788 1035 camposque
803 978 855 1036 per
869 977 967 1018 omnes

132 1059 201 1098 cum
216 1037 332 1097 stabulis
347 1053 476 1096 armenta
491 1037 587 1096 trahit.
629 1037 711 1096 vidi
704 1059 763 1117 rpse
778 1039 924 1097 furentem

133 1119 221 1178 caede
236 1118 475 1196 Neoptolemum,
489 1117 673 1197 geminosque
688 1117 718 1176 in
735 1119 836 1177 limine
850 1119 984 1178 Atridas:

132 1199 190 1259 vidi
217 1199 372 1258 Hecubam
397 1214 574 1278 centumque
598 1219 696 1270 nurus,
721 1199 922 1279 Priamumque
950 1219 1002 1279 per

214 1301 272 1338 aras
431 1313 438 1328 ·
964 1309 1000 1347 sor

133 1361 287 1454 sanguine
286 1361 450 1420 foedantem
465 1381 534 1438 quos
549 1359 609 1439 ipse
623 1377 780 1420 sacraverat
794 1361 883 1437 ignes.

133 1442 339 1534 quinquaginta
353 1441 397 1499 illi
413 1441 538 1510 thalami,
555 1461 617 1519 spes
632 1457 711 1501 tanta
725 1458 872 1521 nepotum,

133 1521 280 1582 barbarico
294 1538 387 1599 postes
402 1543 470 1580 auro
485 1521 637 1600 spoliisque
652 1522 778 1601 superbi,

121 1600 332 1684 procubuere.
354 1618 456 1662 tenent
470 1602 575 1674 Danai,
589 1624 645 1683 qua
659 1603 778 1662 delicit
770 1602 853 1678 rgnis.

173 1685 290 1743 forsitan
304 1700 333 1742 et
349 1683 455 1742 Priami
470 1683 578 1743 fuerint
593 1705 664 1762 quae
680 1684 744 1752 fata,
759 1683 894 1761 requiras.

132 1766 209 1824 urbis
224 1765 266 1822 uti
282 1781 380 1843 captae
395 1785 490 1824 casum
506 1764 698 1842 convulsaque
713 1764 785 1822 vidit

132 1847 234 1905 limina
248 1861 401 1916 tectorum,
416 1863 445 1904 et
459 1843 609 1904 medium
602 1865 633 1902 ιιι
647 1843 841 1923 penetralibus
854 1845 974 1914 hostem,

133 1947 209 1986 arma
223 1927 273 1985 diu
288 1925 382 1984 senior
396 1926 512 1984 desueta
526 1924 715 1984 trementibus
729 1945 800 1984 aevo

133 2007 293 2066 circumdat
308 2007 482 2085 nequiquam
497 2005 612 2076 umeris,
628 2021 657 2064 et
671 2005 775 2065 inutile
790 2006 896 2065 ferrum
965 2033 1003 2073 510

134 2088 268 2166 cingitur,
283 2109 315 2146 ac
330 2088 430 2146 densos
445 2088 534 2146 fertur
548 2086 701 2145 moriturus
716 2086 745 2144 in
761 2088 863 2146 hostes.

134 2169 250 2228 aedibus
265 2169 295 2228 in
310 2167 411 2226 mediis
427 2168 563 2246 nudoque
577 2167 629 2224 sub
644 2167 765 2226 aetheris
779 2187 832 2226 axe

134 2249 234 2327 ingens
250 2270 297 2308 ara
310 2249 366 2308 fuit
378 2250 516 2328 iuxtaque
531 2246 683 2307 veterrima
698 2249 801 2319 laurus,

133 2330 304 2390 incumbens
319 2351 380 2388 arae
395 2346 479 2408 atque
496 2329 595 2387 umbra
609 2328 761 2406 complexa
776 2330 905 2387 Penates.

134 2411 180 2470 hic
197 2409 322 2470 Hecuba
336 2427 365 2469 et
379 2427 461 2470 natae
477 2409 651 2488 nequiquam
666 2409 802 2467 altaria'
777 2429 898 2480 circum,

133 2491 302 2570 praecipites
317 2507 375 2550 atra
389 2512 443 2550 ceu
459 2506 626 2570 tempestate
641 2489 804 2561 columbae,

134 2573 294 2630 condensae
309 2588 337 2631 et
351 2572 448 2630 divom
452 2572 611 2664 amplexae
627 2571 778 2630 simulacra
792 2569 937 2628 sedebant.

133 2652 228 2730 ipsum
243 2668 338 2712 autern
353 2652 472 2731 sumptis
489 2653 633 2712 Priamum
647 2651 821 2710 iuvenilibus
835 2649 919 2708 armis

133 2749 165 2793 ut
180 2734 288 2805 vidit‚‘
297 2753 368 2812 quae
382 2753 464 2791 mens
479 2748 537 2792 tam
551 2733 620 2803 dira,
636 2732 793 2825 miserrime
809 2730 947 2802 coniunx,

132 2813 241 2893 inpulit
255 2813 339 2872 his
313 2834 391 2890 crngr
384 2813 492 2872 'telisl
514 2830 561 2872 aut
577 2834 634 2892 quo
647 2812 704 2873 ruis
717 2811 772 2872 i'
765 2811 868 2891 inquit.
964 2838 1003 2879 sao

112 2899 192 2952 ‘non
208 2893 258 2953 tali
274 2895 391 2966 auxilio,
406 2915 460 2953 nec
476 2893 693 2953 defensoribus
686 2893 744 2952 rstis

132 2990 247 3055 tempus
262 2991 348 3052 egen
373 2996 441 3046 non,
456 2975 478 3033 si
493 2975 552 3052 ipse
567 2994 647 3032 meus
661 2994 740 3033 nunc
756 2973 865 3032 adforet
881 2973 1001 3032 Hector.

130 3057 190 3116 huc
206 3056 323 3115 tandem
338 3056 465 3114 concede
478 3080 498 3132 3,
508 3058 578 3116 haec
594 3076 640 3113 ara
654 3054 782 3113 tuebitur
796 3073 905 3125 omnes,

130 3152 180 3196 aut
195 3136 317 3195 moriere
333 3135 435 3196 simul?
477 3135 516 3194 sic
530 3155 579 3194 ore
594 3135 678 3193 effata
692 3134 800 3211 recepit
841 3187 844 3194 .

129 3218 166 3276 ad
181 3238 250 3288 sese,
266 3233 295 3276 et
309 3238 386 3276 sacra
399 3217 571 3292 longaevum
585 3215 616 3274 in
631 3215 696 3273 sede
711 3215 824 3274 locavit.

130 3319 201 3358 ecce
218 3314 314 3357 autem
329 3298 437 3376 elapsus
454 3295 551 3374 Pyrrhi
567 3296 602 3354 de
617 3295 703 3356 caede
719 3296 834 3368 Polites,

130 3400 207 3438 unus
223 3395 356 3438 natorum
372 3377 488 3449 Priami,
502 3398 553 3455 per
568 3376 632 3448 tela,
647 3396 698 3455 per
712 3378 805 3436 hostes

545 3476 563 3513 ιι
