2556 4116
393 331 593 381 ononsrcou
611 332 674 380 tra.
691 333 717 380 11
981 344 1010 396 55

141 465 213 544 quid
228 463 447 522 memorandum
462 483 552 541 aeque
568 462 711 521 Baccheia
725 463 801 521 dona
816 462 968 522 tulerunt?

141 547 274 606 Bacchus
289 560 319 604 et
333 543 369 602 ad
384 545 500 621 culpam
515 565 613 602 causas
629 543 709 602 dedit
722 568 731 614 ;
753 543 803 601 ille
819 544 946 602 furentes

141 627 302 686 Centauros
316 625 377 684 leto
391 624 513 695 domuit,
528 624 733 701 Rhoetumque
749 624 929 703 Pholumque

141 724 170 767 et
184 727 289 782 magno
305 707 454 783 Hylaeum
470 704 602 783 Lapithis
617 721 728 764 cratere
743 705 915 765 minantem.

182 810 199 846 ο
215 789 374 846 fortunatos
389 786 524 858 nimium,
539 807 589 845 sua
603 786 625 844 si
642 786 718 844 bona
732 785 842 857 norint,
935 851 936 854 ¹

8 843 10 874 ³
104 901 108 904 ·
142 869 288 946 agricolas,
303 868 406 948 quibus
421 867 481 945 ipsa
496 868 597 946 procul
613 867 793 926 discordibus
808 867 893 926 armis

143 949 240 1009 fundit
254 951 343 1007 humo
358 949 476 1007 facilem
491 948 602 1007 victum
617 948 770 1008 iustissima
785 947 891 1008 tellus!
976 966 1016 1018 460

142 1031 164 1089 si
180 1051 241 1089 non
256 1031 403 1106 ingentem
418 1029 528 1087 foribus
542 1030 645 1088 domus
660 1030 718 1088 alta
733 1027 863 1107 superbis

143 1131 228 1170 mane
243 1111 417 1169 salutantum
433 1110 498 1169 totis
516 1110 606 1169 vomit
621 1110 738 1169 aedibus
755 1110 875 1181 undam,

144 1213 199 1252 nec
214 1191 307 1250 varios
322 1191 436 1249 inhiant
449 1191 572 1268 pulchra
587 1191 734 1250 testudine
749 1207 851 1268 postes,

143 1274 307 1351 inlusasque
322 1293 390 1330 auro
403 1288 496 1330 vestes
512 1271 713 1350 Ephyreiaque
729 1293 801 1343 aera,

144 1354 209 1412 alba
225 1373 322 1431 neque
335 1352 455 1430 Assyrio
469 1352 586 1411 fucatur
601 1353 667 1410 lana
681 1373 805 1422 veneno,

144 1455 198 1494 nec
214 1434 288 1494 casia
303 1433 405 1513 liquidi
422 1433 620 1510 corrumpitur
635 1454 699 1493 usus
713 1433 805 1503 olivi;

144 1531 173 1574 at
187 1535 286 1574 secura
301 1514 381 1594 quies
396 1529 425 1572 et
441 1514 538 1572 nescia
554 1514 654 1573 fallere
668 1513 737 1586 vita,

144 1596 223 1655 dives
238 1616 327 1673 opum
341 1595 496 1666 variarum,
511 1610 540 1654 at
555 1594 620 1653 latis
634 1595 693 1654 otia
707 1594 812 1666 fundis,

145 1678 309 1754 speluncae,
325 1675 442 1754 vivique
458 1677 550 1748 lacus,
565 1691 595 1734 et
610 1674 714 1752 frigida
728 1677 853 1752 Tempe,

145 1757 327 1835 mugitusque
342 1757 441 1830 boum,
456 1758 617 1836 mollesque
633 1757 685 1814 sub
699 1757 800 1814 arbore
814 1754 906 1813 somni
979 1784 1018 1823 ⁴⁷0

145 1858 205 1896 non
220 1838 346 1906 absunt3
366 1837 428 1896 illie
445 1838 530 1896 saltus
546 1859 579 1898 ac
595 1837 684 1897 lustra
700 1837 833 1906 ferarum,

146 1934 176 1978 et
190 1919 302 1996 patiens
317 1938 437 1997 operum
453 1918 617 1998 exiguoque
633 1919 749 1977 adsueta
761 1917 907 1987 iuventus,

147 2020 225 2059 sacra
238 2000 337 2070 deum,
351 1998 501 2078 sanctique
517 2013 609 2077 patres
624 2022 634 2067 ;
655 2015 784 2058 extrema
796 2018 849 2076 per
862 1997 928 2056 illos

147 2080 261 2139 Iustitia
277 2081 418 2139 excedens
435 2079 516 2138 terris
532 2080 653 2156 vestigia
668 2080 747 2138 fecit.

188 2181 235 2220 me
249 2181 318 2220 vero
331 2161 459 2238 primum
475 2159 576 2218 dulces
593 2175 660 2218 ante
675 2160 771 2219 omnia
787 2159 903 2230 Musae,

147 2262 269 2322 quarum
284 2262 360 2301 sacra
375 2241 436 2300 fero
452 2240 567 2316 ingenti
581 2261 731 2318 percussus
746 2260 851 2311 amore,

148 2323 301 2402 accipiant,
318 2322 446 2402 caelique
462 2320 521 2380 vias
537 2336 567 2379 et
583 2320 673 2378 sidera
689 2335 862 2391 monstrent,

147 2405 277 2464 defectus
292 2404 358 2462 solis
371 2403 462 2462 varios
478 2403 623 2479 lunaeque
638 2401 749 2459 labores
762 2425 771 2471 ;

148 2486 226 2545 unde
241 2501 350 2544 tremor
365 2483 455 2554 terris,
473 2504 529 2561 qua
544 2482 572 2541 vi
589 2480 678 2540 maria
693 2482 748 2540 alta
764 2494 925 2540 tumescant

149 2567 278 2625 obicibus
293 2566 383 2643 ruptis
398 2584 551 2642 rursusque
567 2563 598 2622 in
614 2583 643 2622 se
657 2563 717 2642 ipsa
731 2561 867 2632 residant,
981 2579 1021 2630 480

148 2647 220 2726 quid
234 2661 347 2705 tantum
363 2647 484 2704 Oceano
498 2659 657 2723 properent
672 2664 701 2702 se
716 2643 846 2719 tinguere
861 2642 933 2700 soles

149 2726 272 2797 hiberni,
288 2727 335 2786 vel
349 2748 422 2806 quae
437 2725 524 2785 tardis
539 2745 620 2784 mora
636 2724 769 2785 noctibus
785 2722 889 2783 obstet.

150 2808 203 2878 sin,
219 2809 321 2867 hasne
335 2807 440 2886 possim
455 2823 572 2866 naturae
589 2806 727 2864 accedere
740 2820 845 2884 partes,

150 2888 269 2964 frigidus
283 2888 427 2947 obstiterit
441 2887 552 2946 circum
567 2886 733 2965 praecordia
747 2884 868 2960 sanguis,

150 2989 216 3027 rura
230 2969 302 3028 mihi
317 2983 346 3027 et
360 2969 432 3044 rigui
447 2968 584 3046 placeant
598 2967 628 3026 in
644 2967 768 3025 vallibus
782 2983 887 3037 amnes,

151 3049 272 3108 humina
286 3070 379 3108 amem
394 3049 534 3126 silvasque
549 3047 698 3124 inglorius.
740 3067 758 3104 o
773 3046 822 3118 ubi
837 3047 931 3125 campi

152 3132 367 3208 Spercheosque
383 3145 411 3188 et
425 3129 582 3205 virginibus
597 3129 738 3187 bacchata
752 3126 891 3186 Lacaenis

152 3211 294 3288 Taygeta,
310 3210 392 3289 oqui
407 3229 454 3268 me
468 3209 570 3286 gelidis
585 3208 764 3268 convallibus
779 3207 886 3267 Haemi

153 3292 241 3364 sistat,
257 3307 287 3351 et
300 3290 412 3366 ingenti
427 3311 570 3351 ramorum
584 3305 715 3370 protegat
730 3291 853 3349 umbra?

189 3385 238 3447 464
255 3385 363 3433 inclusas.
428 3385 475 3447 467
494 3386 574 3434 vitam.
641 3383 688 3446 488
707 3384 786 3446 gelidis
797 3385 823 3432 iu
834 3383 939 3433 vallibus.
