2568 4114
257 381 304 414 200
536 361 563 410 P.
580 357 724 409 VERGILI
742 356 900 410 Manottls

338 494 486 586 extemplo
500 492 590 552 socios
604 492 789 571 primumque
804 492 919 552 arcessit
933 493 1069 584 Acesten,

297 591 327 634 et
342 573 440 632 Iovis
433 573 588 652 imperium
603 588 633 632 et
647 573 705 632 cari
719 589 873 652 praecepta
887 573 1014 651 parentis

298 656 410 728 edocet,
426 670 455 714 et
469 675 543 734 quae
558 674 638 712 nunc
650 653 748 713 animo
761 653 907 713 sententia
920 669 1043 713 constet.

297 736 376 794 haud
390 756 470 794 mora
485 735 623 808 consiliis,
639 755 693 796 nec
708 734 783 794 iussa
797 749 910 794 recusat
924 735 1051 794 Acestes.

297 817 494 877 transcribunt
510 816 573 874 urbi
589 831 703 888 matres,
718 815 920 894 populumque
934 816 1082 875 volentem
1127 844 1166 884 ⁷⁵0

296 898 459 992 deponunt,
475 897 586 955 animos
601 896 643 954 nil
659 916 780 972 magnae
795 896 888 955 laudis
903 911 1029 972 egentes.

296 978 351 1056 ipsi
367 993 489 1038 transtra
505 993 623 1049 novant,
640 976 821 1055 flammisque
837 977 950 1035 ambesa
965 992 1111 1054 reponunt

296 1061 398 1118 robora
413 1058 543 1134 navigiis,
558 1074 659 1137 aptant
674 1078 825 1136 remosque
839 1057 1043 1149 rudentesque,

296 1140 392 1216 exigui
408 1160 541 1210 numero,
556 1138 606 1198 sed
620 1139 699 1199 bello
713 1137 809 1197 vivida
823 1135 922 1197 virtus.

296 1221 408 1279 interea
422 1221 535 1279 Aeneas
550 1221 652 1278 urbem
666 1219 798 1296 designat
811 1233 914 1289 aratro,

296 1302 472 1380 sortiturque
486 1302 607 1372 domos3
628 1303 684 1359 hoc
696 1300 794 1372 Ilium,
810 1315 839 1359 et
853 1301 925 1358 haec
940 1299 1004 1359 loca
1018 1298 1140 1358 Troiam

297 1403 356 1440 esse
371 1382 462 1440 iubet.
504 1381 611 1456 gaudet
625 1402 715 1457 regno
730 1381 877 1440 Troianus
891 1380 1018 1452 Acestes,

296 1462 460 1554 indicitque
475 1461 582 1554 forum,
598 1477 627 1521 et
641 1462 771 1554 patribus
785 1461 857 1520 dat'
849 1481 910 1519 rura
924 1460 1042 1520 vocatis.

297 1560 360 1601 tum
374 1541 472 1601 vicina
486 1542 567 1600 astris
583 1542 732 1620 Erycino
724 1563 755 1601 ιιι
770 1541 878 1601 vertice
893 1541 974 1600 sedes

297 1623 436 1682 fundatur
451 1623 561 1681 Veneri
577 1623 696 1695 Idaliae,
712 1623 885 1700 tumuloque
900 1622 1030 1681 sacerdos
1128 1639 1165 1689 γει

297 1725 329 1762 ac
345 1704 428 1763 lucus
443 1704 502 1763 late
517 1724 597 1762 sacer
611 1703 728 1762 additur
741 1704 897 1764 Anchiseo.

297 1785 413 1863 iamque
426 1785 488 1843 dies
503 1785 619 1862 epulata
634 1803 740 1842 novem
754 1805 823 1862 gens
837 1783 941 1856 omnis,
957 1800 987 1842 et
1000 1783 1055 1842 aris

297 1866 390 1924 factus
405 1868 517 1935 honos3
538 1865 646 1943 placidi
661 1880 824 1924 straverunt
837 1885 961 1943 aequora
974 1863 1065 1936 venti,

298 1947 398 2005 creber
413 1961 441 2004 et
456 1946 603 2022 adspirans
618 1967 713 2004 rursus
729 1961 812 2005 vocat
825 1946 931 2004 Auster
945 1945 976 2002 in
991 1945 1092 2004 altum.

298 2027 427 2084 exoritur
441 2047 582 2104 procurva
596 2026 699 2102 ingens
712 2047 765 2105 per
779 2027 864 2085 litora
878 2025 981 2097 fletus;

296 2106 466 2183 complexi
459 2122 534 2164 inter
549 2127 578 2165 se
593 2122 768 2200 noctemque
782 2105 919 2185 diemque
934 2121 1093 2165 morantur.

297 2187 375 2279 ipsae
390 2186 447 2246 iam
463 2205 576 2261 matres,
592 2186 656 2265 ipsi,
671 2188 776 2267 quibus
791 2207 888 2265 aspera
902 2188 1050 2266 quondam

296 2267 356 2326 visa
371 2267 456 2326 maris
471 2268 559 2327 facies
575 2284 604 2327 et
618 2289 678 2327 non
695 2269 845 2328 tolerabile
861 2289 979 2337 numen,

208 2411 212 2417 ,
297 2348 338 2406 ire
353 2349 466 2422 volunt,
481 2369 657 2427 omnemque
672 2349 757 2426 fugae
770 2349 898 2428 perferre
913 2349 1051 2408 laborem.

254 2467 262 2484 .
297 2449 367 2508 quos
381 2430 475 2488 bonus
489 2431 602 2490 Aeneas
616 2430 702 2489 dictis
717 2432 826 2490 solatur
840 2429 949 2503 amicis,
1102 2457 1163 2496 ·⁷t⁰

297 2526 327 2568 et
342 2511 555 2586 consanguineo
570 2511 722 2570 lacrimans
736 2511 922 2570 commendat
935 2511 1067 2570 Acestae.

298 2605 354 2650 tres
370 2591 456 2668 Eryci
471 2592 577 2650 vitulos
592 2608 621 2650 et
636 2591 873 2670 Tempestatibus
887 2611 989 2668 agnam

297 2672 415 2730 caedere
429 2672 534 2731 deinde
549 2672 640 2744 iubet,
654 2673 783 2751 solvique
798 2694 833 2732 ex
848 2671 949 2732 ordine
963 2673 1076 2730 funem.

297 2753 365 2830 ipse,
382 2769 468 2830 caput
483 2769 580 2812 tonsae
594 2719 670 2812 foliis
685 2754 816 2813 evinctus
830 2754 932 2824 olivae,

297 2848 374 2890 stans
389 2834 512 2911 procul
504 2853 535 2892 ιιι
549 2855 633 2912 prora
646 2851 774 2927 pateram
789 2851 878 2906 tenet,
893 2849 1016 2912 extaque
1031 2833 1116 2891 salsos

298 2913 400 2990 proicit
415 2915 446 2972 in
460 2914 577 2986 fluctus,
591 2935 623 2974 ac
638 2916 706 2974 vina
721 2915 862 2994 liquentia
875 2914 980 2973 fundit.

298 2995 478 3088 prosequitur
492 3015 608 3089 surgens
623 3017 639 3054 a
654 2997 743 3074 puppi
756 3011 860 3054 ventus
874 3011 985 3054 euntes.

298 3075 430 3134 certatim
445 3077 514 3134 socii
507 3076 637 3134 feriunt
652 3098 737 3148 mare,
753 3092 782 3135 et
797 3096 919 3155 aequora
933 3089 1061 3167 verrunt.

338 3169 366 3212 at
381 3155 505 3214 Venus
496 3172 607 3215 snterea
622 3155 797 3234 Neptunum
812 3156 938 3216 exercita
953 3154 1029 3213 curis

298 3234 471 3312 adloquitur,
487 3237 616 3329 talesque
630 3238 755 3298 effundit
769 3253 887 3314 pectore
901 3251 1035 3315 questus:
1127 3249 1164 3301 ⁷⁸⁰

279 3315 418 3374 ‘Iunonis
432 3316 522 3392 gravis
537 3317 578 3374 ira
592 3339 647 3377 nec
662 3317 849 3378 exsaturabile
864 3333 965 3395 pectus

629 3411 675 3471 768
694 3427 790 3460 nomen.
