2568 4114
427 359 595 410 AENEIDOS
612 359 676 410 LIB.
692 361 733 410 IV

167 511 245 550 sacra
261 489 324 548 Iovi
340 490 447 568 Stygio,
462 511 536 568 quae
550 490 606 550 rite
620 491 736 570 incepta
750 492 857 570 paravi,

204 569 306 630 rficere
320 584 362 629 est
376 570 498 644 animus,
513 571 682 665 finemque
674 593 815 665 inponere
830 572 914 646 curis,

166 591 368 744 bendaniique
381 671 482 728 rogum
496 652 598 730 capitis
610 653 777 731 permittere
791 652 944 712 flammae!
996 671 1036 722 sas
1110 699 1112 705 .

168 731 207 790 sic
223 731 273 790 ait.
315 731 367 789 illa
381 732 500 825 gradum
514 733 610 792 studio
624 733 769 792 celerabat
784 732 865 792 anili.

167 826 197 870 at
210 811 324 903 trepida
339 827 367 870 et
381 813 490 889 coeptis
504 812 668 872 inmanibus
683 814 769 872 effera
782 812 871 885 Dido,

168 891 354 967 sanguineam
367 893 488 951 volvens
502 894 603 967 aciem,
619 894 796 972 maculisque
811 909 967 952 trementes

168 971 306 1030 interfusa
320 991 418 1048 genas,
433 988 462 1033 et
475 974 585 1068 pallida
599 989 692 1034 morte
706 974 812 1046 futura,

167 1051 305 1111 interiora
319 1053 444 1112 domus
435 1051 576 1132 inrumpit
590 1053 701 1127 limina,
717 1070 746 1114 et
760 1055 833 1113 altos

168 1133 339 1192 conscendit
353 1134 509 1192 furibunda
524 1155 614 1228 rogos,
631 1153 786 1214 ensemque
800 1135 925 1194 recludit

167 1213 358 1286 Dardanium,
373 1234 433 1273 non
448 1216 500 1274 bos
513 1215 674 1293 quaesitum
687 1235 793 1275 munus
808 1215 838 1273 in
853 1235 931 1276 usus

167 1293 216 1352 hic
231 1309 383 1387 postquam
398 1294 500 1354 Iliacas
514 1311 606 1355 vestes
621 1312 781 1374 notumque
795 1295 892 1355 cubile

169 1373 328 1452 conspexit,
342 1375 461 1453 paulum
476 1375 600 1434 lacrimis
616 1391 646 1436 et
660 1391 759 1435 mente
773 1391 892 1448 morata,

168 1454 358 1533 incubuitque
373 1471 444 1528 toro,
459 1456 591 1535 dixitque
606 1455 758 1516 novissima
772 1457 877 1515 verba:
996 1473 1036 1522 σεο

146 1534 267 1594 ‘dulces
282 1535 409 1609 exuviae,
425 1537 495 1596 dum
510 1537 569 1596 fata
583 1538 710 1630 densque
725 1536 846 1609 sinebat,

169 1615 290 1693 accipite
304 1617 380 1675 banc
395 1617 531 1689 animam,
546 1637 651 1697 meque
665 1615 710 1676 his
725 1617 865 1676 exsolvite
878 1617 965 1678 curis.

168 1695 237 1768 vixi,
253 1713 290 1770 et,
305 1717 391 1775 quem
406 1697 525 1758 dederat
539 1717 654 1758 cursum
670 1698 795 1791 fortuna,
809 1697 926 1776 peregi3

169 1791 198 1834 et
212 1796 291 1835 nunc
306 1797 408 1853 magna
423 1798 481 1836 mer
473 1778 548 1836 'sub
563 1793 650 1836 terras
665 1777 742 1836 ibit
734 1797 838 1852 rmago.

169 1857 270 1916 urbem
264 1859 462 1949 'praeclaram
477 1858 582 1951 statui3
603 1877 668 1916 mea
683 1857 798 1914 moenia
812 1855 891 1927 vidi3

169 1936 271 1995 ulta
243 1957 346 2010 virum,
360 1957 467 2029 poenas
482 1935 602 1995 inimico
616 1958 632 1994 a
648 1935 735 1995 fratre
748 1935 863 2014 recepi.

168 2017 250 2090 felix,
265 2019 322 2074 heu
338 2017 460 2075 nimium
475 2015 593 2089 felix‚'
572 2037 594 2076 ιι
610 2015 693 2076 litora
709 2031 820 2076 tantum

168 2116 328 2175 numquam
342 2095 508 2154 Dardaniae
523 2096 684 2172 tetigissent
698 2113 793 2156 nostra
808 2096 921 2157 carinae
931 2095 954 2158 l’

168 2177 261 2236 dixit:
283 2191 312 2234 et
325 2197 356 2234 os
371 2175 497 2253 inpressa
512 2192 585 2248 toro,
603 2177 777 2236 ‘moriemur
790 2177 911 2251 inultae,

167 2258 218 2317 sed
229 2255 404 2329 moriamur‚’
417 2255 465 2316 ait.
508 2257 575 2329 ‘sic‚
588 2257 628 2316 sic
640 2255 720 2316 iuvat
733 2257 774 2316 ire
785 2258 837 2317 sub
850 2259 974 2318 umbras.
995 2274 1036 2317 ⁶⁶0
1049 2273 1050 2280 ’

167 2336 281 2396 hauriat
294 2338 374 2396 hunc
389 2335 479 2396 oculis
494 2335 591 2413 ignem
608 2335 733 2397 crudelis
748 2337 783 2396 ab
798 2338 858 2397 alto
947 2348 950 2351 '

168 2418 331 2490 Dardanus,
348 2433 377 2476 et
390 2433 502 2478 nostrae
516 2437 613 2478 secum
629 2417 703 2477 ferat
716 2417 813 2476 omina
827 2417 947 2477 mortis!

208 2498 338 2569 dixerat3
358 2515 444 2592 atque
458 2498 539 2556 illam
555 2497 672 2558 media
664 2513 740 2558 rnter
754 2498 822 2557 talia
835 2497 912 2558 ferro

168 2579 324 2656 collapsam
338 2577 482 2657 aspiciunt
496 2579 625 2652 comites,
641 2598 797 2673 ensemque
812 2598 912 2638 cruore

169 2675 361 2737 spumantem,
376 2680 540 2739 sparsasque
555 2680 665 2719 manus.
707 2658 731 2718 it
745 2660 853 2718 clamor
866 2659 903 2718 ad
917 2658 975 2718 alta

169 2740 258 2811 atria3
278 2761 446 2800 concussam
460 2740 618 2799 bacchatur
635 2740 711 2800 fama
723 2759 776 2819 per
790 2740 901 2800 urbem.

168 2821 300 2892 lamentis
314 2820 481 2899 gemituque
495 2836 524 2880 et
539 2821 667 2879 femineo
681 2821 793 2881 ululatu

169 2915 246 2959 tecta
259 2901 387 2960 fremunt
395 2925 405 2970 3
426 2917 540 2960 resonat
554 2901 664 2978 magnis
678 2901 864 2979 plangoribus
878 2902 987 2961 aether.

168 3000 226 3039 non
242 2980 326 3040 aliter
339 3003 425 3060 quam
440 2981 462 3039 si
477 2981 599 3040 inmissis
614 2996 679 3040 ruat
692 2981 822 3040 hostibus
835 2980 928 3040 omnis

169 3061 323 3137 Carthago,
335 3077 384 3120 aut
396 3061 513 3154 antiqua
526 3063 629 3138 Tyros,
642 3060 832 3140 flammaeque
843 3061 972 3121 furentes
993 3079 1033 3130 σπι

168 3141 296 3200 culmina
310 3162 418 3234 perque
431 3141 585 3201 hominum
599 3141 754 3200 volvantur
766 3161 876 3220 perque
890 3142 1020 3202 deorum.

168 3221 258 3280 audiit
272 3221 421 3294 exanimis,
437 3221 607 3299 trepidoque
622 3221 757 3280 exterrita
772 3241 855 3280 cursu

168 3301 311 3378 unguibus
324 3322 372 3360 ora
387 3322 463 3360 soror
477 3302 597 3360 foedans
612 3314 641 3359 et
654 3316 770 3378 pectora
784 3301 889 3380 pugnis

311 3395 355 3456 ⁶41
374 3394 507 3446 celebrabat.
540 3392 635 3446 anilem.
669 3393 713 3458 651
733 3394 845 3444 sinebant.

574 3484 594 3522 n
