2556 4116
376 367 577 416 GEORGICON
593 369 656 418 LIB.
673 371 700 418 ΙΙ

126 511 249 592 possunt
263 512 351 577 atque
365 496 423 555 ima
438 453 546 555 similes
560 497 734 558 revirescere
749 514 845 573 terra,

125 578 233 638 infelix
248 593 364 655 superat
378 577 455 635 foliis
470 577 594 637 oleaster
609 580 718 639 amaris.

167 679 223 718 nec
239 658 292 718 tibi
309 673 367 716 tam
382 658 509 736 prudens
524 659 676 738 quisquam
690 663 862 739 persuadeat
876 681 978 725 auctor

125 741 265 800 tellurem
280 739 373 798 Borea
387 738 510 815 rigidam
525 739 651 818 spirante
667 762 793 802 movere.

124 842 191 880 rura
205 820 273 897 gelu
289 836 351 880 tum
366 820 476 878 claudit
486 819 613 913 hiemps,
629 843 684 880 nec
700 823 810 882 semine
825 824 902 885 iacto

126 917 296 962 concretam
309 900 419 978 patitur
432 900 561 960 radicem
575 903 699 978 adfigere
715 919 817 966 terrae.

125 982 238 1060 optima
253 981 359 1040 vinetis
374 981 454 1054 surio,
470 1003 537 1042 cum
552 1004 619 1042 vere
634 984 752 1043 rubenti

126 1062 253 1122 candida
266 1062 348 1122 venit
362 1062 421 1121 avis
436 1063 529 1138 longis
544 1064 637 1123 invisa
652 1066 789 1139 colubris,
960 1099 997 1137 320

126 1143 220 1222 prima
235 1144 281 1202 vel
297 1143 431 1202 autumni
445 1145 497 1202 sub
513 1144 630 1220 frigora,
644 1166 712 1204 cum
726 1146 844 1224 rapidus
860 1149 909 1208 Sol

126 1225 259 1283 nondum
270 1224 399 1283 hiemem
410 1225 557 1300 contingit
572 1225 663 1304 equis,
674 1226 731 1284 ianr
742 1229 883 1304 praeterit
897 1246 997 1290 aestas.

126 1326 177 1364 ver
191 1305 264 1364 adeo
278 1305 375 1363 frondi
390 1325 555 1377 nemorum,
568 1327 619 1364 ver
634 1307 708 1365 utile
723 1308 801 1366 silvis
814 1333 824 1380 ;

126 1406 195 1445 vere
210 1401 327 1444 tument
341 1402 432 1445 terrae
448 1403 477 1446 et
491 1387 631 1463 genitalia
645 1387 755 1446 semina
770 1407 926 1466 poscunt.

127 1481 190 1526 tum
203 1481 285 1545 pater
299 1467 485 1546 omnipotens
500 1467 634 1526 fecundis
649 1467 790 1528 imbribus
803 1472 916 1529 Aether

127 1547 258 1624 coniugis
272 1547 303 1606 in
317 1547 460 1624 gremium
475 1549 569 1607 laetae
584 1549 746 1622 descendit,
762 1566 791 1608 et
806 1571 908 1610 omnes

126 1648 245 1705 magnus
260 1628 312 1687 alit
327 1648 431 1703 magno
446 1629 620 1688 commixtus
635 1650 757 1707 corpore
772 1631 858 1691 fetus.

126 1710 188 1768 avia
203 1726 265 1769 tum
280 1725 415 1767 resonant
430 1708 528 1768 avibus
544 1710 669 1786 virgulta
684 1711 805 1782 canoris,

127 1805 157 1849 et
170 1791 320 1850 Venerem
335 1789 419 1849 certis
434 1806 572 1868 repetunt
588 1807 718 1850 armenta
732 1792 834 1850 diebus
846 1817 856 1863 ;

126 1871 248 1950 parturit
263 1871 355 1930 almus
370 1890 445 1946 ager,
461 1871 651 1950 Zephyrique
666 1872 833 1951 tepentibus
849 1873 922 1932 auris
960 1905 998 1944 330

126 1951 226 2011 laxant
240 1973 305 2010 arva
318 1952 397 2011 sinus
410 1975 420 2022 ;
441 1967 557 2030 superat
572 1967 656 2012 tener
670 1953 806 2012 omnibus
821 1974 904 2014 umor
916 1979 925 2025 3

125 2031 217 2112 inque
232 2053 320 2092 novos
335 2033 408 2091 soles
423 2033 532 2091 audent
547 2054 576 2092 se
591 2035 721 2110 germina
737 2051 800 2094 tuto

126 2114 255 2186 credere,
269 2134 324 2172 nec
339 2113 445 2173 metuit
460 2129 609 2189 surgentes
622 2116 777 2193 pampinus
791 2118 911 2175 Austros

126 2209 175 2254 aut
190 2208 287 2254 actum
302 2195 384 2253 caelo
399 2194 508 2270 magnis
523 2195 720 2272 Aquilonibus
735 2195 867 2269 imbrem,

126 2275 177 2334 sed
192 2275 282 2334 trudit
296 2295 421 2351 gemmas
437 2291 467 2335 et
482 2275 601 2333 frondes
617 2276 744 2353 explicat
758 2296 869 2336 omnes.

126 2375 187 2415 non
201 2356 271 2415 alios
279 2355 378 2495 prima
393 2355 549 2415 crescentis
566 2356 676 2431 origine
692 2357 794 2414 mundi

126 2437 266 2496 inluxisse
300 2436 340 2496 ies
355 2437 482 2496 aliumve
497 2437 631 2496 habuisse
646 2454 777 2496 tenorem

127 2517 323 2576 crediderim:
343 2538 394 2576 ver
409 2517 483 2576 illud
501 2534 570 2590 erat,
585 2539 637 2576 ver
650 2538 770 2594 magnus
786 2518 887 2593 agebat

126 2597 212 2670 orbis,
228 2613 258 2657 et
272 2598 400 2656 hibernis
414 2599 573 2677 parcebant
588 2598 702 2658 datibus
717 2599 797 2670 Euri,

128 2699 195 2737 cum
209 2679 319 2756 primae
333 2680 431 2738 lucem
445 2679 572 2758 pecudes
587 2681 716 2752 hausere,
732 2680 885 2758 virumque
960 2710 999 2748 ³40

127 2759 220 2818 ferrea
235 2759 386 2836 progenies
401 2760 479 2818 duris
495 2776 582 2837 caput
597 2762 703 2820 extulit
718 2761 801 2832 arvis,

127 2838 318 2918 inmissaeque
333 2841 410 2900 ferae
425 2841 503 2899 silvis
518 2855 548 2899 et
563 2841 653 2900 sidera
669 2842 759 2900 caelo.

127 2939 182 2980 nec
196 2940 240 2979 res
254 2923 334 2980 hunc
350 2936 466 2980 tenerae
482 2938 599 2999 possent
613 2923 741 3000 perferre
757 2922 897 2994 laborem,

128 2999 225 3059 sinon
241 3015 322 3061 tanta
336 3001 418 3080 quies
433 3003 488 3061 iret
503 3003 649 3080 frigusque
666 3004 851 3082 caloremque

128 3080 214 3153 inter,
229 3097 258 3142 et
273 3082 421 3159 exciperet
436 3083 509 3141 caeli
525 3083 708 3158 indulgentia
722 3099 820 3144 terras.

168 3163 246 3241 quod
271 3179 409 3240 superest,
434 3183 635 3242 quaecumque
659 3184 772 3243 premes
797 3165 923 3242 virgulta
946 3185 997 3242 per

250 3263 341 3319 agros,

130 3343 227 3401 sparge
243 3324 312 3382 fimo
326 3325 439 3402 pingui,
454 3341 483 3384 et
498 3326 588 3384 multa
602 3345 713 3385 memor
727 3328 829 3386 occule
845 3343 928 3397 terra,

137 3417 181 3478 316
198 3417 298 3467 moveri.
333 3432 379 3480 330
396 3419 557 3470 trementibus.
592 3433 638 3482 332
656 3421 767 3482 namins.
803 3428 946 3482 341terrea.
