2558 4112
409 363 614 414 ououolcou
631 367 694 416 LIB.
711 367 751 416 111
1004 368 1035 431 67

160 495 304 575 Cinyphii
321 494 445 554 tondent
459 494 532 554 hirci
548 509 695 588 saetasque
709 511 859 556 comantes

161 598 246 638 usum
261 577 293 635 in
308 589 466 635 castrorum
482 591 511 636 et
525 574 635 635 miseris
649 576 795 636 velamina
810 578 914 640 nautis

160 672 321 738 pascuntur
335 677 404 716 vero
418 656 503 715 silvas
518 671 549 716 et
561 676 674 716 summa
688 657 796 735 Lycaei

160 741 372 816 horrentesque
387 737 473 796 rubos
488 753 517 797 et
531 753 661 797 amantes
675 738 764 797 ardua
778 739 899 810 dumos3

161 835 250 900 atque
264 819 343 897 ipsae
357 838 500 878 memores
514 818 662 878 redeunt
654 840 686 877 ιιι
702 834 780 878 tecta
795 839 919 898 suosque
963 857 969 872 ·

160 901 285 972 ducunt,
301 915 331 958 et
344 900 461 978 gravido
476 915 614 978 superant
628 900 677 958 vix
692 901 782 960 ubere
797 900 899 959 limen.

161 1001 229 1058 ergo
244 980 324 1040 omni
341 980 437 1040 studio
450 981 575 1058 glaciem
589 996 752 1060 ventosque
767 980 886 1053 nivales,

160 1083 220 1141 quo
234 1061 331 1120 minor
346 1076 388 1121 est
401 1061 460 1120 illis
475 1081 562 1121 curae
577 1062 707 1121 mortalis
722 1078 839 1138 egestas,

161 1158 274 1205 avertes
288 1142 459 1222 victumque
474 1143 548 1202 feres
564 1157 594 1202 et
607 1142 704 1220 virgea
719 1143 811 1201 laetus
881 1177 887 1184 ·
997 1172 1035 1212 ιω

159 1224 278 1302 pabula,
294 1241 349 1282 nec
365 1238 426 1282 tota
441 1223 558 1282 claudes
573 1223 691 1282 faenilia
706 1224 817 1284 bruma.

160 1319 191 1364 at
205 1324 274 1362 vero
289 1303 434 1382 Zephyris
449 1323 518 1363 cum
533 1305 609 1363 laeta
623 1304 794 1364 vocantibus
808 1319 898 1363 aestas

160 1385 193 1444 in
207 1386 296 1444 saltus
310 1399 466 1463 utrumque
480 1405 597 1460 gregem
612 1400 698 1464 atque
713 1385 745 1444 in
758 1406 864 1463 pascua
878 1385 985 1459 mittet,

162 1464 292 1525 Luciferi
306 1465 401 1547 primo
416 1485 483 1524 cum
498 1465 590 1525 sidere
605 1466 710 1542 frigida
725 1487 790 1525 rura

161 1566 321 1640 carpamus,
337 1546 407 1605 dum
422 1566 508 1605 mane
516 1567 648 1640 novum,
659 1548 729 1606 dum
744 1547 873 1624 gramina
887 1561 1004 1620 canent,

160 1644 191 1686 et
205 1649 250 1686 roa
264 1627 295 1685 in
311 1642 412 1686 tenera
426 1627 524 1722 pecori
539 1628 714 1704 gratissimus
728 1630 829 1688 herba.

160 1708 230 1767 inde
245 1707 295 1767 ubi
310 1724 411 1786 quarta
426 1707 504 1766 sitim
519 1707 592 1768 caeli
608 1708 761 1785 collegerit
775 1711 846 1768 hora

161 1806 191 1850 et
205 1804 294 1848 cantu
309 1790 447 1868 querulae
461 1804 600 1867 rumpent
614 1790 729 1848 arbusta
744 1789 871 1860 cicadae,

161 1870 198 1929 ad
211 1886 315 1948 puteos
330 1885 380 1928 aut
394 1870 452 1929 alta
467 1890 565 1947 greges
580 1870 617 1928 ad
631 1885 732 1946 stagna
746 1869 854 1928 iubebo

161 1966 327 2010 currentem
342 1949 438 2027 ilignis
452 1966 551 2028 potare
565 1951 716 2010 canalibus
730 1950 859 2022 undam
994 1980 1033 2020 ,ιο

160 2031 285 2091 aestibus
300 2047 329 2090 at
343 2031 446 2090 mediis
462 2032 626 2091 umbrosam
641 2031 791 2112 exquirere
805 2031 922 2104 vallem,

160 2113 253 2172 sicubi
268 2132 371 2189 magna
386 2112 464 2171 Iovis
479 2112 600 2191 antiquo
613 2114 716 2172 robore
730 2133 853 2207 quercus

160 2194 327 2274 ingentes
309 2193 411 2252 tendat
425 2213 526 2264 ramos,
542 2208 592 2252 aut
606 2193 743 2253 sicubi
714 2214 829 2270 nrgrum

160 2275 276 2334 ilicibus
290 2261 398 2334 crebris
412 2295 491 2334 sacra
505 2295 609 2334 nemus
622 2275 746 2333 accubet
761 2275 882 2346 umbra3

160 2371 224 2416 tum
238 2371 341 2415 tenues
356 2355 425 2415 dare
439 2376 535 2416 rursus
550 2375 636 2434 aquas
652 2370 681 2414 et
695 2374 813 2434 pascere
827 2375 922 2414 rursus

160 2437 228 2496 solis
242 2437 279 2496 ad
293 2455 437 2510 occasum,
453 2457 520 2496 cum
535 2437 654 2530 frigidus
669 2445 733 2494 aera
749 2455 849 2513 vesper

161 2532 304 2597 temperat
318 2533 349 2576 et
362 2519 450 2576 saltus
463 2518 579 2577 reficit
572 2538 629 2577 ram
643 2516 754 2576 roscida
769 2517 839 2575 luna

161 2598 303 2676 litoraque
318 2598 473 2676 alcyonem
486 2615 632 2671 resonant,
648 2597 832 2658 acalanthida
845 2596 936 2656 dumi

201 2679 273 2758 quid
287 2679 340 2738 tibi
356 2694 482 2772 pastores
497 2680 617 2757 Libyae,
632 2679 703 2759 quid
716 2698 822 2758 pascua
836 2697 919 2736 versu

162 2780 318 2839 prosequar
333 2775 363 2818 et
376 2759 447 2818 raris
461 2761 590 2819 habitata
605 2760 729 2839 mapalia
744 2759 847 2819 tectis?
993 2787 1032 2827 ³40

162 2861 247 2918 saepe
261 2840 341 2900 diem
356 2857 531 2920 noctemque
547 2856 577 2900 et
592 2856 686 2900 totum
701 2861 736 2900 er
751 2840 854 2899 ordine
868 2859 998 2899 mensem

162 2921 288 3000 pascitur
301 2920 383 3001 itque
396 2941 486 3000 pecus
501 2921 609 2998 longa
601 2943 633 2980 ιιι
647 2921 796 2980 deserta
775 2941 838 2980 stne
852 2919 920 2979 ullis

161 3001 310 3080 hospitiis:
333 3016 447 3062 tantum
461 3003 557 3081 campi
572 3002 657 3062 iacet.
699 3001 797 3060 omnia
811 3021 909 3060 secum

162 3082 350 3141 armentarius
364 3083 436 3142 Afer
450 3083 517 3159 agit,
534 3098 704 3160 tectumque
719 3083 881 3161 Laremque

161 3182 296 3241 armaque
317 3163 568 3244 Amyclaeumque
589 3183 693 3222 canem
716 3163 905 3244 Cressamque
924 3165 1029 3278 phare-

243 3258 336 3314 tram;

161 3335 220 3383 non
235 3344 318 3384 secus
333 3345 364 3385 ac
378 3325 478 3404 patriis
493 3346 559 3384 acer
574 3325 744 3384 Romanus
736 3347 767 3384 ιιι
783 3325 868 3384 armis

394 3433 439 3482 323
456 3419 543 3470 mittes.
611 3433 658 3482 329
675 3420 760 3470 iubeto.
