2558 4112
442 417 610 467 auuuuos
628 419 691 468 rur.
708 420 748 467 1v
1005 431 1047 479 171

182 552 202 625 i,
218 571 305 624 soror,
321 565 408 629 atque
422 551 536 608 hostem
550 550 673 628 supplex
689 549 787 608 adfare
802 551 967 628 superbum,

182 654 244 692 non
261 652 314 708 ego
328 652 396 690 cum
410 630 519 688 Danais
535 631 696 689 Troianam
711 630 880 690 exscindere
893 646 1012 706 gentem

181 713 291 772 Aulide
305 712 407 784 iuravi,
422 711 578 770 classemve
593 712 629 769 ad
644 711 781 787 Pergama
795 710 868 783 misi,

183 815 239 853 uec
254 792 342 871 patris
355 792 501 850 Anchisae
516 792 644 851 cinerem
661 793 804 850 Manesve
818 791 940 863 revelli;

182 897 235 935 cur
250 894 314 933 mea
329 873 406 932 dicta
421 887 508 948 neget
523 873 606 932 duras
620 872 799 932 demittere
792 893 823 930 rn
839 877 941 930 aures?

182 976 241 1035 quo
252 955 333 1013 ruit?
355 967 517 1012 extremum
531 955 587 1012 hoc
599 954 719 1012 miserae
734 954 785 1012 det
799 973 904 1012 munus
919 953 1048 1014 amanti:

183 1050 333 1114 exspectet
347 1035 524 1113 facilemque
538 1034 636 1110 fugam
651 1050 810 1114 ventosque
825 1034 962 1094 ferentes.
1013 1064 1051 1103 430

182 1138 243 1176 nou
259 1117 317 1175 iam
331 1115 500 1190 coniugium
515 1115 678 1193 antiquum,
694 1115 773 1193 quod
788 1115 927 1193 prodidit,
943 1136 1002 1188 oro,

183 1219 238 1257 nec
252 1197 377 1276 pulchro
391 1211 425 1253 ut
439 1195 524 1252 Latio
538 1210 634 1253 careat
648 1215 830 1275 regnumque
843 1195 1010 1275 relinquat:

183 1293 298 1356 tempus
311 1277 401 1336 inane
414 1290 495 1353 peto,
509 1276 641 1354 requiem
656 1276 839 1355 spatiumque
854 1277 953 1348 furori,

182 1360 253 1418 dum
268 1378 333 1416 mea
347 1376 396 1415 me
409 1356 518 1416 victam
533 1357 637 1416 doceat
651 1358 770 1416 fortuna
785 1358 896 1417 dolere.

183 1455 343 1498 extremam
357 1439 435 1496 hanc
449 1458 500 1496 oro
514 1437 819 1510 veniam—miserere
834 1438 978 1496 sororis—

182 1540 269 1599 quam
280 1519 353 1577 mihi
368 1539 436 1578 cum
451 1519 573 1592 dederit,
585 1520 764 1578 cumulatam
776 1534 870 1579 morte
884 1519 1051 1578 remittam?

223 1601 330 1659 talibus
343 1601 452 1673 orabat,
468 1600 598 1679 talesque
612 1601 772 1660 miserrima
787 1600 873 1660 fletus

182 1682 297 1760 fertque
311 1681 458 1759 refertque
473 1702 558 1740 soror.
601 1682 651 1740 sed
666 1682 755 1740 nullis
770 1681 823 1741 ille
837 1695 971 1741 movetur

181 1762 306 1834 fletibus,
322 1775 371 1820 aut
385 1782 471 1820 voces
485 1762 557 1820 ullas
573 1760 731 1821 tractabilis
745 1763 826 1821 audit
838 1787 849 1834 ;

182 1844 241 1902 fata
256 1843 382 1915 obstant,
397 1842 584 1921 placidasque
598 1842 651 1900 viri
667 1843 738 1901 deus
753 1842 876 1901 obstruit
891 1862 981 1901 aures.
1013 1872 1051 1909 440

182 1944 215 1983 ac
230 1924 312 1983 velut
327 1943 437 1982 annoso
450 1923 578 1981 validam
592 1943 660 1981 cunr
674 1924 777 1981 robore
792 1942 931 2001 quercum

180 2003 283 2082 Alpini
298 2005 409 2062 Boreae
424 2011 503 2061 nunc
517 2003 589 2061 hinc
604 2023 682 2061 nunc
698 2002 812 2061 flatibus
827 2003 909 2061 illinc

183 2105 283 2144 eruere
297 2084 375 2143 inter
389 2104 419 2142 se
433 2098 566 2154 certant3
587 2083 610 2141 it
625 2083 738 2155 stridor,
755 2098 784 2142 et
799 2084 875 2142 altae

182 2179 375 2226 consternunt
390 2178 494 2221 terram
510 2183 648 2222 concusso
663 2164 762 2241 stipite
776 2164 916 2235 frondes;

181 2247 243 2325 ipsa
257 2248 359 2304 haeret
374 2243 509 2321 scopulis,
526 2259 564 2316 et,
579 2259 722 2336 quantum
736 2244 846 2304 vertice
861 2246 897 2304 ad
912 2267 992 2304 auras

182 2325 334 2397 aetherias,
350 2338 467 2384 tantum
480 2323 600 2382 radice
592 2345 623 2383 1n
628 2324 762 2382 Tartara
778 2325 892 2383 tendit:

182 2406 262 2466 haud
277 2426 357 2465 secus
372 2405 498 2464 adsiduis
511 2405 582 2463 hinc
597 2419 684 2483 atque
699 2405 769 2463 hinc
784 2405 902 2464 vocibus
917 2408 1000 2465 heros

182 2487 324 2560 tunditur,
341 2500 370 2545 et
385 2506 490 2562 magno
503 2486 645 2564 persentit
659 2501 779 2564 pectore
794 2506 874 2545 curas
887 2510 896 2556 ;

182 2589 265 2628 mens
279 2567 392 2627 inmota
406 2582 525 2639 manet;
546 2567 681 2626 lacrimae
696 2567 855 2626 volvuntur
869 2567 981 2627 inanes.

224 2664 287 2708 tum
301 2669 370 2708 vero
384 2648 490 2706 infelix
505 2647 571 2707 fatis
587 2648 723 2707 exterrita
738 2648 819 2707 Dido
1015 2679 1053 2717 4⁵0

182 2745 307 2789 mortem
322 2745 403 2801 orat;
425 2729 523 2788 taedet
537 2729 612 2788 caeli
628 2750 759 2788 convexa
773 2729 860 2788 tueri.

184 2832 243 2890 quo
257 2811 344 2887 magis
359 2811 512 2889 inceptum
525 2827 652 2889 peragat,
669 2811 825 2889 lucemque
840 2810 995 2890 relinquat,

184 2891 268 2964 vidit,
284 2891 445 2951 turicremis
460 2912 528 2951 cum
543 2891 644 2951 dona
636 2907 793 2970 inponeret
807 2891 870 2964 aris,

184 2973 363 3032 horrendum
377 2973 467 3046 dictu,
482 2972 628 3032 latices
599 2993 761 3049 nigrescere
775 2993 877 3046 sacros,

185 3053 328 3132 fusaque
319 3074 350 3112 1n
365 3055 523 3113 obscenum
539 3075 568 3113 se
582 3069 696 3113 vertere
710 3053 778 3112 vina
793 3074 934 3115 cruorem.

184 3135 242 3194 hoc
256 3134 349 3194 visum
364 3135 449 3208 nulli,
465 3156 525 3193 non
540 3135 595 3214 ipsi
612 3135 697 3193 effata
712 3133 810 3194 sorori.

183 3229 333 3293 praeterea
348 3215 404 3274 fuit
419 3217 449 3274 in
466 3215 550 3276 tectis
564 3216 601 3274 de
615 3236 759 3275 marmore
773 3216 918 3294 templum

185 3294 315 3372 coniugis
330 3297 451 3374 antiqui,
467 3297 541 3356 miro
555 3296 634 3375 quod
648 3299 761 3356 honore
775 3296 900 3368 colebat,

184 3376 341 3435 velleribus
356 3377 447 3435 niveis
463 3392 492 3435 et
506 3377 580 3436 festa
595 3377 700 3437 fronde
714 3376 901 3438 revinctum:

248 3469 295 3531 428
313 3478 389 3530 negat.
421 3471 469 3534 436
488 3471 581 3524 dederis.
614 3475 741 3522 cumulata.
774 3471 823 3533 446
841 3471 947 3519 radicem.
