2562 4114
253 337 302 387 286
526 337 553 386 P.
570 335 712 386 VERGILI
729 335 887 384 MARONIS

294 484 455 541 auctorem,
470 487 524 526 nec
539 487 597 547 quo
612 487 641 525 se
656 464 780 524 ardens
772 466 920 524 inmittere
934 467 1033 544 possit.

273 557 323 609 ‘tu
340 564 437 609 tamen
453 548 567 607 interea
580 547 674 616 calido
690 545 762 605 mihi
777 546 917 622 sanguine
930 567 1039 624 poenas

293 631 438 710 persolves
453 627 619 690 amborum'
634 626 753 707 inquit;
774 627 859 688 simul
876 647 944 686 ense
958 629 1070 687 recluso

294 711 399 771 ibatur
416 711 583 788 Euryalum.
626 725 690 768 tum
703 729 770 767 vero
787 705 948 781 exterritus,
963 728 1073 782 amens,

295 792 460 852 conclamat
475 789 574 863 Nisus,
590 809 645 850 nec
660 811 689 848 se
705 790 798 849 celare
814 789 940 848 tenebris

295 873 418 949 amplius
432 887 482 931 aut
497 888 611 930 tantum
625 871 721 950 potuit
735 869 861 948 perferre
876 871 1026 929 dolorem:

276 961 349 1026 ιιιιε,
365 974 422 1026 me,
437 953 547 1025 adsum,
563 951 612 1031 qui
627 952 694 1024 feci,
710 951 741 1010 in
755 971 802 1010 me
817 951 978 1010 convertite
992 951 1113 1023 ferrum,

295 1057 313 1093 o
328 1034 455 1105 Rutuli,
476 1054 540 1092 mea
556 1034 630 1092 fraus
645 1031 761 1103 omnis3
781 1031 880 1090 nihil
873 1047 924 1090 rste
939 1051 993 1090 nec
1009 1053 1092 1090 ausus

295 1136 351 1174 nec
365 1115 483 1194 potuit;
504 1115 618 1174 caelum
632 1116 688 1171 hoc
704 1127 732 1171 et
747 1111 863 1172 conscia
876 1112 967 1171 sidera
982 1126 1091 1172 testor:

296 1213 409 1256 tantum
424 1195 575 1255 infelicem
590 1192 714 1252 nimium
728 1193 830 1252 dilexit
844 1190 988 1252 amicum!
1125 1223 1161 1262 430

297 1277 364 1336 talia
379 1276 459 1335 dicta
474 1276 582 1348 dabat;
603 1275 653 1334 sed
667 1273 776 1333 viribus
789 1273 865 1332 ensis
879 1273 994 1332 adactus

297 1357 464 1432 transadigit
479 1373 570 1416 costas
586 1371 615 1415 et
630 1353 751 1414 candida
765 1370 883 1432 pectora
898 1355 1016 1432 rumpit.

274 1438 422 1522 'volvitur
437 1437 576 1514 Euryalus
592 1437 662 1510 leto,
677 1436 872 1514 pulchrosque
886 1456 938 1514 per
953 1451 1029 1494 artus

274 1513 319 1578 it
333 1538 427 1590 cruor,
442 1518 532 1597 inque
548 1539 660 1577 umeros
676 1515 774 1576 cervix
789 1516 915 1594 collapsa
929 1516 1096 1575 recumbit.

296 1618 456 1692 purpureus
470 1598 562 1656 veluti
579 1619 647 1657 cum
661 1597 712 1656 flos
728 1597 853 1656 succisus
868 1611 960 1656 aratro

297 1679 458 1758 languescit
471 1679 608 1750 moriens,
625 1680 733 1738 lassove
748 1698 888 1756 papavera
902 1679 979 1737 collo

296 1759 436 1818 demisere
451 1775 546 1853 caput,
560 1759 660 1839 pluvia
674 1780 742 1818 cum
756 1760 830 1818 forte
844 1773 1006 1836 gravantur.

297 1858 326 1900 at
341 1841 431 1900 Nisus
445 1841 503 1900 ruit
518 1840 548 1900 in
564 1841 675 1900 medios
690 1840 840 1917 solumque
854 1859 906 1916 per
919 1859 1019 1898 omnes

297 1922 474 1982 Volcentem
488 1921 572 2001 petit,
587 1921 618 1980 in
633 1921 694 1979 solo
709 1920 854 1979 Volcente
869 1934 1003 1978 moratur.

296 2023 385 2080 quem
405 2002 516 2062 circum
530 2001 682 2078 glomerati
701 2003 797 2060 hostes
814 2000 885 2059 hinc
899 1999 1062 2059 comminus
1078 2017 1162 2081 atque

378 2082 448 2142 hinc
1127 2110 1163 2148 440

231 2171 234 2174 ’
296 2163 478 2241 proturbant.
520 2161 607 2222 instat
622 2183 681 2222 non
697 2162 783 2222 setius
798 2182 830 2221 ac
845 2177 919 2220 rotat
934 2181 1032 2220 ensem

297 2243 482 2316 fulmineum,
497 2243 589 2303 donec
605 2244 708 2305 Rutuli
723 2242 872 2303 clamantis
887 2243 918 2300 in
933 2263 981 2301 ore

298 2324 430 2384 condidit
446 2325 564 2385 adverso
579 2342 609 2384 et
623 2324 749 2384 moriens
764 2324 890 2382 animam
905 2323 1023 2382 abstulit
1038 2323 1123 2382 hosti.

298 2420 360 2465 turn
375 2426 460 2484 super
475 2406 643 2466 exanimum
659 2427 718 2464 sese
733 2403 856 2484 proiecit
870 2403 996 2462 amicum

297 2486 453 2560 confossus,
467 2487 643 2579 placidaque
653 2486 693 2545 ibi
708 2486 827 2545 demum
841 2500 933 2544 morte
948 2484 1069 2563 quievit.

241 2610 245 2616 -
338 2565 478 2626 fortunati
494 2567 598 2628 ambo
592 2568 597 2608 ¹
622 2589 645 2625 ει
637 2567 746 2660 quid·
746 2587 810 2625 mea
824 2565 950 2624 carmina
962 2581 1093 2643 possunt,

298 2648 380 2706 nulla
394 2647 456 2708 dies
471 2667 609 2726 umquam
625 2647 746 2706 memori
762 2667 812 2706 vos
827 2645 934 2704 eximet
948 2666 1027 2718 aevo,

296 2729 367 2787 dum
381 2729 484 2788 domus
498 2730 614 2788 Aeneae
631 2728 760 2806 Capitoli
774 2726 915 2798 inmobile
930 2746 1029 2784 saxum

297 2809 429 2868 accolet
421 2809 632 2888 imperiumque
646 2825 727 2886 pater
742 2791 890 2867 Romanus
904 2806 1032 2866 habebit.

337 2889 460 2949 victores
473 2890 579 2969 praeda
594 2890 698 2949 Rutuli
713 2889 867 2982 spoliisque
882 2887 966 2965 potiti
1021 2927 1024 2932 -

297 2969 473 3030 Volcentem
489 2971 656 3030 exanimum
671 2969 797 3029 flentes
789 2990 820 3028 ιιι
835 2985 926 3028 castra
941 2968 1083 3027 ferebant.

297 3070 352 3109 nec
366 3051 461 3110 minor
476 3051 507 3110 in
522 3051 620 3110 castris
635 3052 732 3110 luctus
747 3049 913 3109 Rhamnete
928 3064 1043 3126 reperto

297 3133 432 3208 exsangui
449 3147 478 3191 et
492 3131 592 3210 primis
607 3152 665 3190 una
678 3146 722 3190 tot
736 3131 824 3189 caede
838 3129 1005 3210 peremptis,

298 3211 475 3290 Serranoque
492 3212 659 3305 Numaque.
700 3211 802 3288 ingens
817 3231 971 3270 concursus
987 3209 1045 3268 ad
1037 3231 1099 3286 1psa

296 3311 414 3368 corpora
431 3292 647 3370 seminecesque
662 3291 736 3351 viros
751 3291 905 3372 tepidaque
920 3307 1068 3350 recentem

254 3396 303 3445 432
321 3384 450 3433 transabiit.
510 3399 566 3463 44q,
578 3397 624 3447 451
643 3385 783 3435 exanimem.
840 3398 888 3450 455
906 3386 1055 3450 tepidumque
1072 3383 1171 3432 recenti.
