2568 4138
422 356 588 404 sunurnos
607 357 670 410 LIB.
690 357 741 405 xn
846 384 851 410 ,-
989 359 1034 422 3⁶9

171 505 201 548 et
215 487 296 546 furiis
311 488 432 564 agitatus
447 507 527 546 amor
543 503 571 546 et
587 488 702 546 conscia
715 488 815 547 virtus.

172 585 205 628 ut
220 568 346 646 primum
361 569 504 626 discussae
520 569 638 626 umbrae
654 585 683 627 et
698 569 748 627 lux
763 569 876 627 reddita
890 570 993 642 menti,

172 650 303 708 ardentes
319 650 469 708 oculorum
485 651 566 707 orbes
582 649 619 707 ad
634 649 748 707 moenia
763 650 844 708 torsit
997 668 1036 718 670

172 730 315 802 turbidus,
330 751 403 808 eque
417 731 486 788 rotis
500 751 634 805 magnam
647 731 773 808 respexit
788 731 824 789 ad
838 733 948 790 urbem.

172 831 241 870 ecce
256 827 361 882 autern,
377 809 498 870 flammis
513 811 590 868 inter
605 811 732 869 tabulata
743 811 860 870 volutus

125 967 127 972 Ι
169 892 208 970 ¹ud
222 892 335 951 caelum
351 892 479 950 undabat
494 907 594 950 vertex
609 892 769 970 turrimque
784 892 911 964 tenebat,

172 972 284 1044 turrim,
300 973 457 1050 compactis
473 973 600 1031 trabibus
615 993 702 1050 quam
718 973 856 1030 eduxerat
869 973 931 1049 ipse

171 1052 393 1131 subdideratque
408 1069 481 1111 rotas
495 1069 658 1131 pontesque
673 1053 840 1111 instraverat
855 1053 936 1112 altos.

152 1133 299 1192 ‘iamiam
314 1133 381 1206 fata,
397 1155 482 1205 soror,
498 1149 656 1211 superant3
677 1133 779 1201 absiste
794 1133 898 1192 morari
912 1159 922 1204 3

170 1234 229 1291 quo
244 1213 314 1271 deus
330 1230 359 1272 et
373 1235 431 1291 quo
446 1213 516 1271 dura
530 1230 613 1272 vocat
629 1215 755 1286 fortuna,
772 1235 934 1292 sequamur.

171 1309 226 1353 stat
235 1294 366 1352 conferre
377 1314 495 1353 manum
504 1295 630 1366 Aeneae,
643 1310 707 1367 stat,
719 1295 862 1372 quidquid
877 1295 972 1352 acerbi
984 1310 1035 1366 est,

171 1389 264 1433 morte
280 1375 337 1451 pati
350 1399 360 1444 ;
381 1395 475 1452 neque
490 1395 538 1434 me
553 1375 733 1447 indecorem,
746 1395 889 1451 germana,
905 1375 1015 1432 videbis

170 1454 302 1533 amplius.
344 1457 435 1527 hunc,
446 1476 504 1528 oro,
515 1456 576 1514 sine
588 1476 636 1514 me
647 1457 742 1515 furere
754 1471 820 1514 ante
832 1453 979 1515 furorem?
999 1473 1037 1513 680

170 1535 252 1608 dixit,
269 1551 297 1593 et
313 1556 328 1592 e
344 1557 428 1594 curru
443 1537 548 1595 saltum
563 1537 644 1595 dedit
659 1538 739 1595 ocius
754 1537 835 1609 arvis,

168 1637 278 1695 perque
292 1618 396 1687 hostes,
411 1638 463 1695 per
477 1619 535 1676 tela
549 1618 617 1688 ruit,
632 1634 826 1696 maestamque
842 1638 968 1676 sororem

169 1698 283 1769 deserit,
299 1719 332 1756 ac
347 1699 447 1776 rapido
462 1719 548 1758 cursu
564 1699 660 1757 media
676 1699 789 1774 agmina
804 1699 924 1775 rumpit.

169 1799 202 1837 ac
217 1777 308 1837 veluti
323 1779 431 1837 montis
446 1799 546 1837 saxum
561 1780 597 1836 de
612 1779 722 1835 vertice
737 1799 872 1854 praeceps

169 1879 237 1916 cum
252 1858 321 1928 ruit,
335 1858 466 1916 avulsum
480 1874 578 1928 vento,
594 1879 643 1915 seu
659 1857 790 1915 turbidus
805 1857 898 1914 imber

169 1938 288 2015 proluit,
304 1953 353 1995 aut
368 1937 449 1995 annis
465 1937 550 1995 solvit
565 1937 697 2014 sublapsa
711 1953 835 1995 vetustas
848 1960 858 2004 ;

170 2019 261 2076 fertur
275 2017 307 2074 in
322 2017 476 2094 abruptum
491 2037 595 2092 magno
609 2037 692 2075 mons
707 2017 846 2095 inprobus
861 2033 937 2088 actu,

170 2097 350 2175 exsultatque
366 2098 437 2168 solo,
451 2098 536 2155 silvas
551 2113 682 2156 armenta
695 2098 827 2176 virosque

169 2178 320 2236 involvens
336 2198 433 2236 secum
448 2201 456 2236 ι
477 2177 598 2236 disiecta
611 2197 663 2256 per
677 2179 791 2254 agmina
806 2179 927 2237 Turnus

169 2259 210 2318 sic
226 2258 304 2317 urbis
319 2258 377 2317 ruit
392 2258 427 2316 ad
442 2279 548 2330 muros,
563 2259 612 2316 ubi
627 2259 753 2336 plurima
767 2260 830 2318 fuso
999 2279 1037 2328 ⁶90

169 2339 309 2416 sanguine
325 2354 399 2398 terra
412 2339 508 2397 madet
523 2339 707 2418 striduntque
722 2340 873 2398 hastilibus
888 2361 971 2398 aurae
985 2366 993 2411 3

169 2420 369 2498 significatque
385 2440 480 2491 manu,
497 2435 526 2478 et
540 2441 644 2496 magno
659 2421 745 2478 simul
760 2421 864 2498 incipit
879 2441 948 2478 ore:

149 2499 278 2580 ‘parcite
294 2500 359 2571 iam,
376 2500 489 2573 Rutuli,
504 2516 534 2559 et
549 2522 598 2559 vos
614 2501 672 2560 tela
687 2501 829 2572 inhibete,
844 2501 942 2560 Latini
955 2527 964 2572 3

168 2601 371 2660 quaecumque
387 2597 430 2640 est
445 2582 570 2653 fortuna,
584 2602 648 2640 mea
662 2598 705 2640 est
718 2607 727 2653 ;
748 2602 795 2640 me
810 2581 904 2640 verius
920 2601 1011 2640 unum

167 2683 219 2740 pro
233 2663 314 2721 vobis
329 2663 431 2721 foedus
446 2663 526 2720 luere
542 2678 570 2720 et
585 2662 741 2721 decernere
756 2661 851 2722 ferro?

168 2743 321 2801 discessere
336 2764 437 2802 omnes
451 2743 549 2814 medii,
565 2743 748 2822 spatiumque
762 2743 877 2802 dedere.

210 2837 238 2881 at
252 2839 330 2900 pater
343 2825 465 2896 Aeneas,
481 2824 580 2882 audito
595 2825 714 2883 nomine
730 2823 837 2895 Turni,

169 2903 275 2962 deserit
290 2918 319 2962 et
333 2925 438 2976 muros,
454 2919 483 2962 et
498 2924 622 2964 summas
636 2905 742 2964 deserit
757 2926 842 2975 arces,

169 2983 398 3062 praecipitatque
413 3006 505 3043 moras
520 3005 631 3056 omnes,
646 3006 732 3062 opera
747 2986 845 3043 omnia
858 2985 978 3062 rumpit,

169 3063 281 3122 laetitia
295 3065 448 3136 exsultans,
463 3066 698 3143 horrendumque
713 3065 827 3124 intonat
841 3065 946 3124 armis:
996 3095 1034 3135 700

169 3159 293 3223 quantus
308 3145 412 3217 Athos,
426 3160 477 3203 aut
489 3161 616 3223 quantus
632 3147 721 3222 Eryx,
735 3163 784 3204 aut
798 3146 870 3224 ipse,
885 3146 1009 3206 coruscis
1116 3143 1121 3154 '

168 3245 236 3284 cum
252 3225 351 3284 fremit
365 3225 489 3298 ilicibus,
505 3242 639 3304 quantus,
653 3227 815 3304 gaudetque
830 3227 918 3284 nivali

168 3305 277 3364 vertice
292 3326 321 3364 se
335 3305 470 3364 attollens
484 3322 567 3384 pater
580 3307 774 3386 Appenninus
789 3307 824 3365 ad
839 3329 928 3367 auras.

169 3385 226 3444 iam
240 3407 307 3445 vero
323 3401 353 3445 et
367 3386 470 3445 Rutuli
486 3387 616 3447 certatim
632 3403 661 3447 et
676 3387 768 3446 Troes
784 3404 813 3448 et
827 3408 928 3447 omnes

560 3489 608 3527 aa
