2562 4114
254 363 301 412 300
525 347 552 395 P.
571 344 712 393 VERGILI
730 344 888 392 MARONIS

293 479 338 551 da,
352 492 445 556 pater,
461 476 567 536 lliacos
582 474 727 535 Teucris)
769 491 832 535 tum
847 475 924 552 regia
938 477 1014 535 Iuno

293 574 356 618 acta
371 559 469 618 furore
483 556 584 634 gravi:
606 556 694 634 ‘quid
709 576 757 615 me
771 556 828 615 alta
844 556 959 615 silentia
974 557 1050 633 cogis

292 659 437 718 rumpere,
452 653 483 697 et
497 639 658 697 obductum
672 637 766 696 verbis
780 637 897 713 vulgare
912 636 1065 697 dolorem?

292 722 416 779 Aenean
430 718 583 780 hominum
599 719 750 798 quisquam
764 717 922 796 divomque
936 719 1049 794 subegit

293 802 370 861 bella
385 801 475 880 sequi,
490 816 541 860 aut
553 802 668 858 hostem
683 799 742 875 regi
758 819 787 858 se
801 797 910 858 inferre
925 799 1055 858 Latino?

294 882 409 941 ltaliam
422 881 510 960 petiit
525 881 591 940 fatis
605 880 770 939 auctoribus
782 904 791 951 3
814 895 897 948 est03

294 963 472 1022 Cassandrae
487 961 618 1039 inpulsus
633 960 736 1020 furiis:
758 980 829 1019 num
844 960 976 1039 linquere
990 977 1082 1021 castra

293 1044 400 1102 hortati
415 1064 521 1116 sumus,
537 1059 587 1101 aut
600 1042 691 1102 vitam
706 1041 889 1100 committere
904 1041 1021 1100 ventis?
1231 1104 1237 1113 ¹

294 1145 365 1184 num
379 1144 470 1202 puero
484 1144 627 1183 summam
642 1121 723 1194 belli,
739 1142 810 1181 num
825 1122 943 1181 credere
957 1129 1078 1182 muros?
1136 1153 1160 1194 ⁷0

294 1206 516 1282 Tyrrhensmve
531 1203 618 1263 fidem
634 1219 684 1263 aut
698 1220 799 1279 gentes
813 1203 920 1280 agitare
934 1203 1065 1281 quietas?

293 1287 356 1363 quis
371 1285 440 1346 deus
453 1285 485 1343 in
500 1285 641 1356 fraudem,
648 1305 727 1364 ,quae
741 1284 812 1342 dura
825 1284 952 1360 potentia
966 1299 1061 1344 nostra

276 1393 279 1400 ¹
294 1366 373 1442 egit?
415 1365 464 1424 ubi
479 1366 527 1424 hic
544 1367 620 1424 Iuno
634 1365 789 1424 demissave
804 1365 928 1423 nubibus
943 1365 1019 1424 Iris?

294 1446 446 1522 indignum
461 1462 513 1516 est,
527 1447 615 1504 Italos
630 1446 750 1504 Troiam
764 1445 943 1504 circumdare
957 1445 1079 1506 flammis

293 1541 470 1596 nascentem,
484 1541 514 1583 et
527 1527 617 1602 patria
632 1526 770 1585 Turnum
787 1527 941 1584 consistere
956 1541 1038 1598 terra,

294 1606 341 1666 eui
357 1606 508 1666 Pilumnus
522 1627 601 1678 avus,
615 1607 663 1665 cui
677 1607 744 1665 diva
758 1607 876 1666 Venilia
888 1623 979 1665 mater
993 1628 1000 1666 ε

293 1687 374 1766 quid,
388 1687 450 1746 face
464 1687 607 1746 Troianos
621 1703 679 1746 atra
693 1687 753 1746 vim
768 1687 842 1746 ferre
857 1687 977 1758 Latinis,

294 1789 358 1828 arva
371 1768 465 1827 aliena
479 1768 545 1845 iugo
560 1788 691 1846 premere
706 1784 792 1861 atque
806 1783 930 1826 avertere
945 1769 1083 1847 praedas?

293 1850 373 1929 quid
388 1869 500 1908 soceros
515 1850 609 1924 legere
624 1865 654 1909 et
667 1849 781 1925 gremiis
796 1847 937 1908 abducere
951 1863 1057 1926 pactas,

293 1951 395 2008 pacem
409 1951 487 1989 orare
502 1951 601 2002 manu,
615 1931 768 2009 praefigere
782 1930 927 2008 puppibus
940 1935 1037 1989 arma?
1135 1948 1161 1989 so

293 2028 325 2070 tu
340 2026 420 2088 potes
434 2011 556 2070 Aenean
571 2011 702 2070 manibus
718 2011 876 2070 subducere
891 2011 1023 2082 Graium,

293 2112 402 2171 proque
416 2090 478 2150 viro
492 2092 629 2153 nebulam
644 2107 673 2152 et
686 2106 786 2150 ventos
800 2091 955 2151 obtendere
969 2092 1067 2150 inanes
1080 2117 1090 2163 3

294 2187 324 2231 et
337 2187 417 2249 potes
431 2171 462 2231 in
477 2172 598 2232 totidem
612 2174 731 2232 classem
745 2188 913 2231 convertere
928 2173 1078 2250 Nymphas
1092 2195 1099 2230 :

295 2272 346 2310 nos
360 2252 469 2332 aliquid
483 2253 607 2312 Rutulos
623 2269 723 2313 contra
736 2252 839 2312 iuvisse
853 2254 1012 2313 nefandum
1026 2258 1090 2312 est?

293 2333 406 2392 Aeneas
420 2333 534 2410 ignarus
548 2334 646 2393 abest:
668 2333 780 2410 ignarus
795 2349 823 2393 et
838 2333 919 2395 absit.

295 2429 337 2473 est
352 2415 466 2491 Paphus
480 2415 663 2494 Idaliumque
678 2414 740 2487 tibi,
756 2429 822 2473 sunt
835 2415 892 2473 alta
906 2415 1054 2492 Cythera:

294 2495 363 2574 quid
377 2494 522 2570 gravidam
537 2495 620 2554 bellis
635 2495 735 2554 urbem
750 2510 779 2554 et
794 2495 882 2555 eorda
895 2517 990 2572 aspera
1004 2498 1146 2573 temptas?

295 2595 384 2634 nozne
398 2574 451 2634 tibi
466 2575 556 2634 fluxas
572 2576 712 2654 Phrygiae
725 2596 768 2635 res
782 2592 896 2636 vertere
911 2577 1002 2636 fundo

295 2660 455 2716 conamur?
476 2661 550 2714 nos?
570 2677 606 2716 sn
622 2657 738 2716 miseros
752 2656 803 2736 qui
818 2657 909 2716 Troas
921 2657 1039 2716 Achivis

294 2737 424 2796 obiecit?
464 2757 537 2816 quae
551 2757 634 2796 causa
648 2737 715 2810 fuit,
728 2757 898 2813 consurgere
912 2737 943 2796 in
958 2758 1037 2796 arma
1134 2765 1159 2806 90

295 2819 496 2897 Europamque
510 2817 676 2898 Asiamque,
691 2834 721 2878 et
735 2819 849 2878 foedera
863 2820 970 2877 solvere
985 2818 1084 2877 furto?

295 2917 342 2958 me
356 2898 431 2957 duce
446 2899 608 2958 Dardanius
623 2900 752 2976 Spartam
766 2899 942 2978 expugnavit
955 2899 1090 2958 adulter?

295 2993 343 3037 aut
358 2999 410 3054 ego
423 2980 481 3040 tela
495 2979 571 3052 dedi,
586 2980 682 3040 fovive
697 2980 845 3059 Cupidine
862 2980 958 3038 bella?

295 3075 358 3117 tum
372 3059 470 3120 decuit
483 3061 619 3131 metuisse
634 3061 689 3119 tuis
701 3085 711 3130 3
732 3080 811 3120 nunc
826 3081 887 3119 sera
901 3059 1035 3138 querellis

294 3138 371 3198 haud
385 3139 464 3198 iustis
480 3141 603 3219 adsurgis
618 3157 648 3200 et
661 3141 748 3201 inrita
762 3142 853 3218 iurgia
866 3139 970 3202 iactas’

336 3219 439 3279 talibus
453 3222 549 3281 orabat
563 3223 646 3292 Iuno,
662 3222 819 3301 cunctique
834 3223 995 3281 fremebant

295 3300 449 3360 caelicolae
463 3302 581 3362 adsensu
597 3303 696 3372 vario;
717 3323 771 3362 ceu
785 3302 902 3362 flamina
915 3303 1008 3381 prima

580 3409 610 3458 71
628 3397 827 3460 Tyrrhenamque.
