<?xml version="1.0" encoding="UTF-8"?>
<!DOCTYPE html PUBLIC "-//W3C//DTD XHTML 1.0 Transitional//EN"
    "http://www.w3.org/TR/xhtml1/DTD/xhtml1-transitional.dtd">
<html xmlns="http://www.w3.org/1999/xhtml" xml:lang="en" lang="en">
 <head>
  <title>
</title>
<meta http-equiv="Content-Type" content="text/html;charset=utf-8" />
  <meta name='ocr-system' content='tesseract 3.04.00' />
  <meta name='ocr-capabilities' content='ocr_page ocr_carea ocr_par ocr_line ocrx_word'/>
</head>
<body>
  <div class='ocr_page' id='page_1' title='image "./bucolicageorgic05virggoog/bucolicageorgic05virggoog_0350.png"; bbox 0 0 2562 4114; ppageno 0'>
   <div class='ocr_carea' id='block_1_1' title="bbox 234 367 1022 432">
    <p class='ocr_par' dir='ltr' id='par_1_1' title="bbox 234 367 1022 432">
     <span class='ocr_line' id='line_1_1' title="bbox 234 367 1022 432; baseline 0 -16"><span class='ocrx_word' id='word_1_1' title='bbox 234 370 262 417; x_wconf 90' lang='lat' dir='ltr'>P.</span> <span class='ocrx_word' id='word_1_2' title='bbox 280 367 422 417; x_wconf 81' lang='lat' dir='ltr'>VERGILI</span> <span class='ocrx_word' id='word_1_3' title='bbox 441 369 599 417; x_wconf 88' lang='lat' dir='ltr'>MARONIS</span> <span class='ocrx_word' id='word_1_4' title='bbox 610 370 777 418; x_wconf 84' lang='lat' dir='ltr'>AENBIDOS</span> <span class='ocrx_word' id='word_1_5' title='bbox 795 370 858 418; x_wconf 88' lang='lat' dir='ltr'>LIB.</span> <span class='ocrx_word' id='word_1_6' title='bbox 871 370 909 418; x_wconf 90' lang='lat' dir='ltr'>XI</span> <span class='ocrx_word' id='word_1_7' title='bbox 976 381 1022 432; x_wconf 80' lang='lat'>325</span> 
     </span>
    </p>
   </div>
   <div class='ocr_carea' id='block_1_2' title="bbox 88 497 1031 3466">
    <p class='ocr_par' dir='ltr' id='par_1_2' title="bbox 161 497 983 720">
     <span class='ocr_line' id='line_1_2' title="bbox 162 497 983 576; baseline 0.001 -20"><span class='ocrx_word' id='word_1_8' title='bbox 162 497 340 569; x_wconf 88' lang='lat' dir='ltr'>muneribus,</span> <span class='ocrx_word' id='word_1_9' title='bbox 356 514 549 576; x_wconf 90' lang='lat' dir='ltr'>maestamque</span> <span class='ocrx_word' id='word_1_10' title='bbox 564 499 692 558; x_wconf 90' lang='lat' dir='ltr'>Euandri</span> <span class='ocrx_word' id='word_1_11' title='bbox 707 499 818 576; x_wconf 87' lang='lat' dir='ltr'>primus</span> <span class='ocrx_word' id='word_1_12' title='bbox 833 500 866 557; x_wconf 88' lang='lat' dir='ltr'>ad</span> <span class='ocrx_word' id='word_1_13' title='bbox 883 499 983 558; x_wconf 89' lang='lat' dir='ltr'>urbem</span> 
     </span>
     <span class='ocr_line' id='line_1_3' title="bbox 161 579 860 657; baseline 0.003 -21"><span class='ocrx_word' id='word_1_14' title='bbox 161 579 292 637; x_wconf 88' lang='lat' dir='ltr'>mittatur</span> <span class='ocrx_word' id='word_1_15' title='bbox 307 579 407 650; x_wconf 88' lang='lat' dir='ltr'>Pallas,</span> <span class='ocrx_word' id='word_1_16' title='bbox 422 598 509 657; x_wconf 88' lang='lat' dir='ltr'>quem</span> <span class='ocrx_word' id='word_1_17' title='bbox 526 600 585 638; x_wconf 91' lang='lat' dir='ltr'>non</span> <span class='ocrx_word' id='word_1_18' title='bbox 601 579 712 640; x_wconf 88' lang='lat' dir='ltr'>virtutis</span> <span class='ocrx_word' id='word_1_19' title='bbox 728 595 860 656; x_wconf 80' lang='lat' dir='ltr'><strong>egentem</strong></span> 
     </span>
     <span class='ocr_line' id='line_1_4' title="bbox 161 653 833 720; baseline 0.001 -2"><span class='ocrx_word' id='word_1_20' title='bbox 161 653 282 718; x_wconf 84' lang='lat' dir='ltr'>abstulit</span> <span class='ocrx_word' id='word_1_21' title='bbox 291 673 350 718; x_wconf 90' lang='lat' dir='ltr'>atra</span> <span class='ocrx_word' id='word_1_22' title='bbox 364 659 423 718; x_wconf 88' lang='lat' dir='ltr'>dies</span> <span class='ocrx_word' id='word_1_23' title='bbox 438 676 467 718; x_wconf 91' lang='lat' dir='ltr'>et</span> <span class='ocrx_word' id='word_1_24' title='bbox 482 660 585 719; x_wconf 83' lang='lat' dir='ltr'>funere</span> <span class='ocrx_word' id='word_1_25' title='bbox 600 661 699 720; x_wconf 88' lang='lat' dir='ltr'>mersit</span> <span class='ocrx_word' id='word_1_26' title='bbox 714 659 833 720; x_wconf 89' lang='lat' dir='ltr'>acerbo’</span> 
     </span>
    </p>

    <p class='ocr_par' dir='ltr' id='par_1_3' title="bbox 90 739 1028 1945">
     <span class='ocr_line' id='line_1_5' title="bbox 202 739 999 820; baseline 0.003 -22"><span class='ocrx_word' id='word_1_27' title='bbox 202 739 241 798; x_wconf 90' lang='lat' dir='ltr'>sic</span> <span class='ocrx_word' id='word_1_28' title='bbox 257 739 296 798; x_wconf 89' lang='lat' dir='ltr'>ait</span> <span class='ocrx_word' id='word_1_29' title='bbox 311 740 494 800; x_wconf 77' lang='lat' dir='ltr'><strong>inlacrimans</strong></span> <span class='ocrx_word' id='word_1_30' title='bbox 509 741 671 820; x_wconf 88' lang='lat' dir='ltr'>recipitque</span> <span class='ocrx_word' id='word_1_31' title='bbox 685 742 721 800; x_wconf 86' lang='lat' dir='ltr'>ad</span> <span class='ocrx_word' id='word_1_32' title='bbox 735 741 837 800; x_wconf 86' lang='lat' dir='ltr'>limina</span> <span class='ocrx_word' id='word_1_33' title='bbox 852 760 977 817; x_wconf 84' lang='lat' dir='ltr'>gressum</span> <span class='ocrx_word' id='word_1_34' title='bbox 992 764 999 800; x_wconf 75' lang='grc' dir='ltr'>ι</span> 
     </span>
     <span class='ocr_line' id='line_1_6' title="bbox 161 821 1027 900; baseline 0.001 -21"><span class='ocrx_word' id='word_1_35' title='bbox 161 841 264 899; x_wconf 86' lang='lat' dir='ltr'>corpus</span> <span class='ocrx_word' id='word_1_36' title='bbox 279 821 328 879; x_wconf 92' lang='lat' dir='ltr'>ubi</span> <span class='ocrx_word' id='word_1_37' title='bbox 344 821 469 880; x_wconf 83' lang='lat' dir='ltr'>exanimi</span> <span class='ocrx_word' id='word_1_38' title='bbox 484 822 610 900; x_wconf 88' lang='lat' dir='ltr'>positum</span> <span class='ocrx_word' id='word_1_39' title='bbox 628 822 763 880; x_wconf 84' lang='lat' dir='ltr'>Pallantis</span> <span class='ocrx_word' id='word_1_40' title='bbox 777 824 899 881; x_wconf 87' lang='lat' dir='ltr'>Acoetes</span> <span class='ocrx_word' id='word_1_41' title='bbox 1002 853 1027 890; x_wconf 83' lang='lat'>30</span> 
     </span>
     <span class='ocr_line' id='line_1_7' title="bbox 161 901 782 981; baseline 0.003 -22"><span class='ocrx_word' id='word_1_42' title='bbox 161 902 289 961; x_wconf 90' lang='lat' dir='ltr'>servabat</span> <span class='ocrx_word' id='word_1_43' title='bbox 303 901 406 974; x_wconf 89' lang='lat' dir='ltr'>senior,</span> <span class='ocrx_word' id='word_1_44' title='bbox 421 903 471 981; x_wconf 92' lang='lat' dir='ltr'>qui</span> <span class='ocrx_word' id='word_1_45' title='bbox 489 903 635 962; x_wconf 86' lang='lat' dir='ltr'>Parrhasio</span> <span class='ocrx_word' id='word_1_46' title='bbox 648 904 782 962; x_wconf 90' lang='lat' dir='ltr'>Euandro</span> 
     </span>
     <span class='ocr_line' id='line_1_8' title="bbox 161 982 836 1063; baseline 0.004 -23"><span class='ocrx_word' id='word_1_47' title='bbox 161 982 283 1059; x_wconf 83' lang='lat' dir='ltr'>armiger</span> <span class='ocrx_word' id='word_1_48' title='bbox 298 999 364 1042; x_wconf 89' lang='lat' dir='ltr'>ante</span> <span class='ocrx_word' id='word_1_49' title='bbox 379 983 443 1054; x_wconf 90' lang='lat' dir='ltr'>fuit,</span> <span class='ocrx_word' id='word_1_50' title='bbox 460 985 510 1042; x_wconf 87' lang='lat' dir='ltr'>sed</span> <span class='ocrx_word' id='word_1_51' title='bbox 526 1005 584 1042; x_wconf 93' lang='lat' dir='ltr'>non</span> <span class='ocrx_word' id='word_1_52' title='bbox 600 984 733 1042; x_wconf 85' lang='lat' dir='ltr'>felicibus</span> <span class='ocrx_word' id='word_1_53' title='bbox 748 1005 836 1063; x_wconf 86' lang='lat' dir='ltr'>aeque</span> 
     </span>
     <span class='ocr_line' id='line_1_9' title="bbox 161 1063 881 1142; baseline 0.004 -22"><span class='ocrx_word' id='word_1_54' title='bbox 161 1079 223 1121; x_wconf 89' lang='lat' dir='ltr'>tum</span> <span class='ocrx_word' id='word_1_55' title='bbox 242 1083 337 1122; x_wconf 89' lang='lat' dir='ltr'>comes</span> <span class='ocrx_word' id='word_1_56' title='bbox 352 1063 487 1142; x_wconf 85' lang='lat' dir='ltr'>auspiciis</span> <span class='ocrx_word' id='word_1_57' title='bbox 503 1085 569 1123; x_wconf 89' lang='lat' dir='ltr'>earo</span> <span class='ocrx_word' id='word_1_58' title='bbox 583 1065 664 1123; x_wconf 89' lang='lat' dir='ltr'>datus</span> <span class='ocrx_word' id='word_1_59' title='bbox 680 1065 739 1124; x_wconf 90' lang='lat' dir='ltr'>ibat</span> <span class='ocrx_word' id='word_1_60' title='bbox 753 1066 881 1123; x_wconf 89' lang='lat' dir='ltr'>alumno.</span> 
     </span>
     <span class='ocr_line' id='line_1_10' title="bbox 161 1144 1009 1224; baseline 0.001 -22"><span class='ocrx_word' id='word_1_61' title='bbox 161 1145 271 1203; x_wconf 89' lang='lat' dir='ltr'>circum</span> <span class='ocrx_word' id='word_1_62' title='bbox 286 1144 380 1203; x_wconf 88' lang='lat' dir='ltr'>omnis</span> <span class='ocrx_word' id='word_1_63' title='bbox 395 1145 595 1224; x_wconf 88' lang='lat' dir='ltr'>famulumque</span> <span class='ocrx_word' id='word_1_64' title='bbox 610 1166 711 1204; x_wconf 90' lang='lat' dir='ltr'>manus</span> <span class='ocrx_word' id='word_1_65' title='bbox 726 1145 911 1224; x_wconf 88' lang='lat' dir='ltr'>Troianaque</span> <span class='ocrx_word' id='word_1_66' title='bbox 927 1145 1009 1204; x_wconf 89' lang='lat' dir='ltr'>turba</span> 
     </span>
     <span class='ocr_line' id='line_1_11' title="bbox 161 1225 866 1286; baseline 0.003 -4"><span class='ocrx_word' id='word_1_67' title='bbox 161 1240 190 1282; x_wconf 91' lang='lat' dir='ltr'>et</span> <span class='ocrx_word' id='word_1_68' title='bbox 203 1241 344 1284; x_wconf 86' lang='lat' dir='ltr'>maestum</span> <span class='ocrx_word' id='word_1_69' title='bbox 359 1225 462 1284; x_wconf 87' lang='lat' dir='ltr'>Iliades</span> <span class='ocrx_word' id='word_1_70' title='bbox 479 1226 590 1285; x_wconf 90' lang='lat' dir='ltr'>crinem</span> <span class='ocrx_word' id='word_1_71' title='bbox 605 1228 640 1284; x_wconf 90' lang='lat' dir='ltr'>de</span> <span class='ocrx_word' id='word_1_72' title='bbox 656 1246 733 1285; x_wconf 88' lang='lat' dir='ltr'>more</span> <span class='ocrx_word' id='word_1_73' title='bbox 749 1227 866 1286; x_wconf 90' lang='lat' dir='ltr'>solutae.</span> 
     </span>
     <span class='ocr_line' id='line_1_12' title="bbox 161 1305 806 1378; baseline 0 -13"><span class='ocrx_word' id='word_1_74' title='bbox 161 1322 194 1365; x_wconf 90' lang='lat' dir='ltr'>ut</span> <span class='ocrx_word' id='word_1_75' title='bbox 210 1326 278 1364; x_wconf 90' lang='lat' dir='ltr'>vero</span> <span class='ocrx_word' id='word_1_76' title='bbox 291 1307 403 1365; x_wconf 87' lang='lat' dir='ltr'>Aeneas</span> <span class='ocrx_word' id='word_1_77' title='bbox 418 1305 527 1366; x_wconf 85' lang='lat' dir='ltr'>foribus</span> <span class='ocrx_word' id='word_1_78' title='bbox 543 1327 602 1366; x_wconf 91' lang='lat' dir='ltr'>sese</span> <span class='ocrx_word' id='word_1_79' title='bbox 617 1307 717 1365; x_wconf 88' lang='lat' dir='ltr'>intulit</span> <span class='ocrx_word' id='word_1_80' title='bbox 732 1307 806 1378; x_wconf 87' lang='lat' dir='ltr'>altis,</span> 
     </span>
     <span class='ocr_line' id='line_1_13' title="bbox 160 1385 850 1464; baseline 0.003 -20"><span class='ocrx_word' id='word_1_81' title='bbox 160 1385 311 1464; x_wconf 86' lang='lat' dir='ltr'>ingentem</span> <span class='ocrx_word' id='word_1_82' title='bbox 325 1387 465 1462; x_wconf 85' lang='lat' dir='ltr'>gemitum</span> <span class='ocrx_word' id='word_1_83' title='bbox 482 1387 573 1446; x_wconf 88' lang='lat' dir='ltr'>tunsis</span> <span class='ocrx_word' id='word_1_84' title='bbox 587 1389 622 1446; x_wconf 93' lang='lat' dir='ltr'>ad</span> <span class='ocrx_word' id='word_1_85' title='bbox 636 1388 727 1446; x_wconf 86' lang='lat' dir='ltr'>sidera</span> <span class='ocrx_word' id='word_1_86' title='bbox 742 1388 850 1446; x_wconf 89' lang='lat' dir='ltr'>tollunt</span> 
     </span>
     <span class='ocr_line' id='line_1_14' title="bbox 161 1467 851 1546; baseline 0.006 -22"><span class='ocrx_word' id='word_1_87' title='bbox 161 1467 334 1543; x_wconf 89' lang='lat' dir='ltr'>pectoribus,</span> <span class='ocrx_word' id='word_1_88' title='bbox 348 1484 513 1546; x_wconf 87' lang='lat' dir='ltr'>maestoque</span> <span class='ocrx_word' id='word_1_89' title='bbox 528 1468 654 1544; x_wconf 85' lang='lat' dir='ltr'>inmugit</span> <span class='ocrx_word' id='word_1_90' title='bbox 668 1469 743 1544; x_wconf 85' lang='lat' dir='ltr'>regia</span> <span class='ocrx_word' id='word_1_91' title='bbox 758 1469 851 1528; x_wconf 89' lang='lat' dir='ltr'>luctu.</span> 
     </span>
     <span class='ocr_line' id='line_1_15' title="bbox 160 1547 806 1625; baseline 0.005 -21"><span class='ocrx_word' id='word_1_92' title='bbox 160 1547 231 1625; x_wconf 89' lang='lat' dir='ltr'>ipse,</span> <span class='ocrx_word' id='word_1_93' title='bbox 245 1563 332 1624; x_wconf 88' lang='lat' dir='ltr'>caput</span> <span class='ocrx_word' id='word_1_94' title='bbox 347 1548 423 1606; x_wconf 90' lang='lat' dir='ltr'>nivei</span> <span class='ocrx_word' id='word_1_95' title='bbox 439 1549 547 1608; x_wconf 88' lang='lat' dir='ltr'>fultum</span> <span class='ocrx_word' id='word_1_96' title='bbox 564 1549 700 1607; x_wconf 88' lang='lat' dir='ltr'>Pallantis</span> <span class='ocrx_word' id='word_1_97' title='bbox 714 1566 744 1609; x_wconf 90' lang='lat' dir='ltr'>et</span> <span class='ocrx_word' id='word_1_98' title='bbox 758 1570 806 1608; x_wconf 88' lang='lat' dir='ltr'>ora</span> 
     </span>
     <span class='ocr_line' id='line_1_16' title="bbox 90 1627 1028 1708; baseline 0.001 -23"><span class='ocrx_word' id='word_1_99' title='bbox 90 1663 98 1680; x_wconf 88' lang='lat'><strong>·</strong></span> <span class='ocrx_word' id='word_1_100' title='bbox 161 1644 193 1686; x_wconf 91' lang='lat' dir='ltr'>ut</span> <span class='ocrx_word' id='word_1_101' title='bbox 206 1627 279 1686; x_wconf 87' lang='lat' dir='ltr'>vidit</span> <span class='ocrx_word' id='word_1_102' title='bbox 294 1627 409 1706; x_wconf 87' lang='lat' dir='ltr'>levique</span> <span class='ocrx_word' id='word_1_103' title='bbox 423 1645 523 1706; x_wconf 89' lang='lat' dir='ltr'>patens</span> <span class='ocrx_word' id='word_1_104' title='bbox 539 1629 570 1688; x_wconf 91' lang='lat' dir='ltr'>in</span> <span class='ocrx_word' id='word_1_105' title='bbox 585 1645 701 1708; x_wconf 88' lang='lat' dir='ltr'>pectore</span> <span class='ocrx_word' id='word_1_106' title='bbox 716 1631 821 1690; x_wconf 87' lang='lat' dir='ltr'>vulnus</span> <span class='ocrx_word' id='word_1_107' title='bbox 1003 1660 1028 1695; x_wconf 75' lang='lat'>40</span> 
     </span>
     <span class='ocr_line' id='line_1_17' title="bbox 161 1709 878 1787; baseline 0.003 -20"><span class='ocrx_word' id='word_1_108' title='bbox 161 1709 284 1787; x_wconf 83' lang='lat' dir='ltr'>cuspidis</span> <span class='ocrx_word' id='word_1_109' title='bbox 298 1709 451 1781; x_wconf 84' lang='lat' dir='ltr'>Ausoniae,</span> <span class='ocrx_word' id='word_1_110' title='bbox 469 1710 594 1769; x_wconf 86' lang='lat' dir='ltr'>lacrimis</span> <span class='ocrx_word' id='word_1_111' title='bbox 608 1711 648 1770; x_wconf 89' lang='lat' dir='ltr'>ita</span> <span class='ocrx_word' id='word_1_112' title='bbox 662 1713 738 1770; x_wconf 87' lang='lat' dir='ltr'>fatur</span> <span class='ocrx_word' id='word_1_113' title='bbox 752 1710 878 1770; x_wconf 89' lang='lat' dir='ltr'>obortis:</span> 
     </span>
     <span class='ocr_line' id='line_1_18' title="bbox 142 1790 972 1868; baseline -0.001 -20"><span class='ocrx_word' id='word_1_114' title='bbox 142 1790 249 1859; x_wconf 86' lang='lat' dir='ltr'>‘tene‚&#39;</span> <span class='ocrx_word' id='word_1_115' title='bbox 264 1790 369 1868; x_wconf 85' lang='lat' dir='ltr'>inquit,</span> <span class='ocrx_word' id='word_1_116' title='bbox 387 1790 569 1849; x_wconf 88' lang='lat' dir='ltr'>‘miserande</span> <span class='ocrx_word' id='word_1_117' title='bbox 584 1812 667 1868; x_wconf 89' lang='lat' dir='ltr'>puer,</span> <span class='ocrx_word' id='word_1_118' title='bbox 681 1810 748 1849; x_wconf 90' lang='lat' dir='ltr'>cum</span> <span class='ocrx_word' id='word_1_119' title='bbox 765 1792 838 1850; x_wconf 83' lang='lat' dir='ltr'>laeta</span> <span class='ocrx_word' id='word_1_120' title='bbox 852 1790 972 1859; x_wconf 89' lang='lat' dir='ltr'>veniret,</span> 
     </span>
     <span class='ocr_line' id='line_1_19' title="bbox 160 1870 772 1945; baseline -0.002 -17"><span class='ocrx_word' id='word_1_121' title='bbox 160 1870 266 1929; x_wconf 90' lang='lat' dir='ltr'>invidit</span> <span class='ocrx_word' id='word_1_122' title='bbox 280 1870 396 1929; x_wconf 85' lang='lat' dir='ltr'>fortuna</span> <span class='ocrx_word' id='word_1_123' title='bbox 411 1870 492 1940; x_wconf 91' lang='lat' dir='ltr'>mihi,</span> <span class='ocrx_word' id='word_1_124' title='bbox 509 1891 546 1928; x_wconf 93' lang='lat' dir='ltr'>ne</span> <span class='ocrx_word' id='word_1_125' title='bbox 562 1891 649 1945; x_wconf 86' lang='lat' dir='ltr'>regna</span> <span class='ocrx_word' id='word_1_126' title='bbox 663 1871 772 1928; x_wconf 89' lang='lat' dir='ltr'>videres</span> 
     </span>
    </p>

    <p class='ocr_par' dir='ltr' id='par_1_4' title="bbox 161 1950 944 2029">
     <span class='ocr_line' id='line_1_20' title="bbox 161 1950 944 2029; baseline -0.001 -20"><span class='ocrx_word' id='word_1_127' title='bbox 161 1967 264 2020; x_wconf 82' lang='lat' dir='ltr'>nostra,</span> <span class='ocrx_word' id='word_1_128' title='bbox 279 1970 375 2028; x_wconf 90' lang='lat' dir='ltr'>neque</span> <span class='ocrx_word' id='word_1_129' title='bbox 390 1950 426 2008; x_wconf 85' lang='lat' dir='ltr'>ad</span> <span class='ocrx_word' id='word_1_130' title='bbox 442 1951 520 2008; x_wconf 89' lang='lat' dir='ltr'>sedes</span> <span class='ocrx_word' id='word_1_131' title='bbox 536 1950 627 2009; x_wconf 89' lang='lat' dir='ltr'>victor</span> <span class='ocrx_word' id='word_1_132' title='bbox 642 1953 777 2010; x_wconf 85' lang='lat' dir='ltr'>veherere</span> <span class='ocrx_word' id='word_1_133' title='bbox 792 1955 944 2029; x_wconf 87' lang='lat' dir='ltr'>paternas?</span> 
     </span>
    </p>

    <p class='ocr_par' dir='ltr' id='par_1_5' title="bbox 162 2029 832 2108">
     <span class='ocr_line' id='line_1_21' title="bbox 162 2029 832 2108; baseline 0 -18"><span class='ocrx_word' id='word_1_134' title='bbox 162 2052 221 2090; x_wconf 91' lang='lat' dir='ltr'>non</span> <span class='ocrx_word' id='word_1_135' title='bbox 235 2033 306 2089; x_wconf 87' lang='lat' dir='ltr'>haec</span> <span class='ocrx_word' id='word_1_136' title='bbox 322 2029 461 2088; x_wconf 88' lang='lat' dir='ltr'>Euandro</span> <span class='ocrx_word' id='word_1_137' title='bbox 476 2031 512 2088; x_wconf 91' lang='lat' dir='ltr'>de</span> <span class='ocrx_word' id='word_1_138' title='bbox 528 2047 555 2090; x_wconf 90' lang='lat' dir='ltr'>te</span> <span class='ocrx_word' id='word_1_139' title='bbox 571 2031 707 2107; x_wconf 90' lang='lat' dir='ltr'>promissa</span> <span class='ocrx_word' id='word_1_140' title='bbox 722 2031 832 2108; x_wconf 89' lang='lat' dir='ltr'>parenti</span> 
     </span>
    </p>

    <p class='ocr_par' dir='ltr' id='par_1_6' title="bbox 161 2110 1021 2350">
     <span class='ocr_line' id='line_1_22' title="bbox 161 2110 933 2189; baseline 0 -19"><span class='ocrx_word' id='word_1_141' title='bbox 161 2111 311 2170; x_wconf 89' lang='lat' dir='ltr'>discedens</span> <span class='ocrx_word' id='word_1_142' title='bbox 325 2110 468 2183; x_wconf 84' lang='lat' dir='ltr'>dederam,</span> <span class='ocrx_word' id='word_1_143' title='bbox 486 2131 553 2169; x_wconf 88' lang='lat' dir='ltr'>eum</span> <span class='ocrx_word' id='word_1_144' title='bbox 570 2131 616 2169; x_wconf 92' lang='lat' dir='ltr'>me</span> <span class='ocrx_word' id='word_1_145' title='bbox 631 2113 799 2189; x_wconf 87' lang='lat' dir='ltr'>complexus</span> <span class='ocrx_word' id='word_1_146' title='bbox 814 2128 933 2172; x_wconf 88' lang='lat' dir='ltr'>euntem</span> 
     </span>
     <span class='ocr_line' id='line_1_23' title="bbox 161 2191 1021 2271; baseline 0 -21"><span class='ocrx_word' id='word_1_147' title='bbox 161 2193 289 2251; x_wconf 91' lang='lat' dir='ltr'>mitteret</span> <span class='ocrx_word' id='word_1_148' title='bbox 303 2191 334 2250; x_wconf 92' lang='lat' dir='ltr'>in</span> <span class='ocrx_word' id='word_1_149' title='bbox 350 2211 487 2268; x_wconf 87' lang='lat' dir='ltr'>magnum</span> <span class='ocrx_word' id='word_1_150' title='bbox 504 2192 668 2270; x_wconf 89' lang='lat' dir='ltr'>imperium,</span> <span class='ocrx_word' id='word_1_151' title='bbox 684 2209 874 2271; x_wconf 88' lang='lat' dir='ltr'>metuensque</span> <span class='ocrx_word' id='word_1_152' title='bbox 889 2208 1021 2252; x_wconf 87' lang='lat' dir='ltr'>moneret</span> 
     </span>
     <span class='ocr_line' id='line_1_24' title="bbox 162 2272 813 2350; baseline 0.003 -19"><span class='ocrx_word' id='word_1_153' title='bbox 162 2293 239 2331; x_wconf 85' lang='lat' dir='ltr'>acres</span> <span class='ocrx_word' id='word_1_154' title='bbox 253 2293 312 2331; x_wconf 87' lang='lat' dir='ltr'>esse</span> <span class='ocrx_word' id='word_1_155' title='bbox 326 2272 410 2343; x_wconf 86' lang='lat' dir='ltr'>viros,</span> <span class='ocrx_word' id='word_1_156' title='bbox 425 2291 493 2331; x_wconf 88' lang='lat' dir='ltr'>cum</span> <span class='ocrx_word' id='word_1_157' title='bbox 509 2273 579 2331; x_wconf 87' lang='lat' dir='ltr'>dura</span> <span class='ocrx_word' id='word_1_158' title='bbox 595 2273 703 2350; x_wconf 86' lang='lat' dir='ltr'>proelia</span> <span class='ocrx_word' id='word_1_159' title='bbox 717 2291 813 2350; x_wconf 91' lang='lat' dir='ltr'>gente.</span> 
     </span>
    </p>

    <p class='ocr_par' dir='ltr' id='par_1_7' title="bbox 162 2353 899 2432">
     <span class='ocr_line' id='line_1_25' title="bbox 162 2353 899 2432; baseline 0.001 -20"><span class='ocrx_word' id='word_1_160' title='bbox 162 2369 191 2412; x_wconf 89' lang='lat' dir='ltr'>et</span> <span class='ocrx_word' id='word_1_161' title='bbox 205 2373 284 2413; x_wconf 90' lang='lat' dir='ltr'>nunc</span> <span class='ocrx_word' id='word_1_162' title='bbox 301 2353 351 2411; x_wconf 89' lang='lat' dir='ltr'>ille</span> <span class='ocrx_word' id='word_1_163' title='bbox 365 2353 483 2431; x_wconf 87' lang='lat' dir='ltr'>quidem</span> <span class='ocrx_word' id='word_1_164' title='bbox 498 2374 547 2432; x_wconf 89' lang='lat' dir='ltr'>spe</span> <span class='ocrx_word' id='word_1_165' title='bbox 563 2355 690 2413; x_wconf 88' lang='lat' dir='ltr'>multum</span> <span class='ocrx_word' id='word_1_166' title='bbox 706 2369 805 2432; x_wconf 86' lang='lat' dir='ltr'>captus</span> <span class='ocrx_word' id='word_1_167' title='bbox 820 2354 899 2413; x_wconf 86' lang='lat' dir='ltr'>inani</span> 
     </span>
    </p>

    <p class='ocr_par' dir='ltr' id='par_1_8' title="bbox 161 2433 1030 2656">
     <span class='ocr_line' id='line_1_26' title="bbox 161 2433 1030 2514; baseline -0.001 -21"><span class='ocrx_word' id='word_1_168' title='bbox 161 2435 219 2493; x_wconf 82' lang='lat' dir='ltr'>fors</span> <span class='ocrx_word' id='word_1_169' title='bbox 234 2449 264 2493; x_wconf 91' lang='lat' dir='ltr'>et</span> <span class='ocrx_word' id='word_1_170' title='bbox 278 2449 343 2493; x_wconf 82' lang='lat' dir='ltr'>vota</span> <span class='ocrx_word' id='word_1_171' title='bbox 356 2433 437 2505; x_wconf 89' lang='lat' dir='ltr'>lacit,</span> <span class='ocrx_word' id='word_1_172' title='bbox 452 2435 642 2514; x_wconf 90' lang='lat' dir='ltr'>cumulatque</span> <span class='ocrx_word' id='word_1_173' title='bbox 657 2436 755 2494; x_wconf 89' lang='lat' dir='ltr'>altaria</span> <span class='ocrx_word' id='word_1_174' title='bbox 770 2435 851 2494; x_wconf 90' lang='lat' dir='ltr'>donis</span> <span class='ocrx_word' id='word_1_175' title='bbox 864 2459 874 2505; x_wconf 92' lang='lat'>;</span> <span class='ocrx_word' id='word_1_176' title='bbox 1005 2463 1030 2502; x_wconf 82' lang='lat'>50</span> 
     </span>
     <span class='ocr_line' id='line_1_27' title="bbox 162 2514 987 2574; baseline -0.001 0"><span class='ocrx_word' id='word_1_177' title='bbox 162 2536 213 2574; x_wconf 90' lang='lat' dir='ltr'>nos</span> <span class='ocrx_word' id='word_1_178' title='bbox 228 2515 364 2574; x_wconf 87' lang='lat' dir='ltr'>iuvenem</span> <span class='ocrx_word' id='word_1_179' title='bbox 379 2514 546 2574; x_wconf 82' lang='lat' dir='ltr'>exanimum</span> <span class='ocrx_word' id='word_1_180' title='bbox 564 2531 593 2574; x_wconf 92' lang='lat' dir='ltr'>et</span> <span class='ocrx_word' id='word_1_181' title='bbox 608 2516 650 2574; x_wconf 90' lang='lat' dir='ltr'>nil</span> <span class='ocrx_word' id='word_1_182' title='bbox 667 2517 722 2574; x_wconf 87' lang='lat' dir='ltr'>iarn</span> <span class='ocrx_word' id='word_1_183' title='bbox 738 2515 906 2574; x_wconf 88' lang='lat' dir='ltr'>caelestibus</span> <span class='ocrx_word' id='word_1_184' title='bbox 922 2514 987 2574; x_wconf 93' lang='lat' dir='ltr'>ullis</span> 
     </span>
     <span class='ocr_line' id='line_1_28' title="bbox 162 2596 841 2656; baseline 0.003 -2"><span class='ocrx_word' id='word_1_185' title='bbox 162 2596 316 2655; x_wconf 90' lang='lat' dir='ltr'>debentem</span> <span class='ocrx_word' id='word_1_186' title='bbox 330 2617 405 2655; x_wconf 89' lang='lat' dir='ltr'>vano</span> <span class='ocrx_word' id='word_1_187' title='bbox 419 2596 518 2655; x_wconf 86' lang='lat' dir='ltr'>maesti</span> <span class='ocrx_word' id='word_1_188' title='bbox 535 2597 708 2654; x_wconf 89' lang='lat' dir='ltr'>comitamur</span> <span class='ocrx_word' id='word_1_189' title='bbox 722 2597 841 2656; x_wconf 86' lang='lat' dir='ltr'>honore.</span> 
     </span>
    </p>

    <p class='ocr_par' dir='ltr' id='par_1_9' title="bbox 162 2676 722 2749">
     <span class='ocr_line' id='line_1_29' title="bbox 162 2676 722 2749; baseline 0.004 -15"><span class='ocrx_word' id='word_1_190' title='bbox 162 2677 276 2749; x_wconf 84' lang='lat' dir='ltr'>infelix,</span> <span class='ocrx_word' id='word_1_191' title='bbox 291 2676 350 2735; x_wconf 90' lang='lat' dir='ltr'>nati</span> <span class='ocrx_word' id='word_1_192' title='bbox 366 2678 454 2735; x_wconf 88' lang='lat' dir='ltr'>funus</span> <span class='ocrx_word' id='word_1_193' title='bbox 469 2678 588 2736; x_wconf 88' lang='lat' dir='ltr'>crudele</span> <span class='ocrx_word' id='word_1_194' title='bbox 604 2677 722 2736; x_wconf 91' lang='lat' dir='ltr'>videbis.</span> 
     </span>
    </p>

    <p class='ocr_par' dir='ltr' id='par_1_10' title="bbox 162 2757 834 2838">
     <span class='ocr_line' id='line_1_30' title="bbox 162 2757 834 2838; baseline 0.001 -23"><span class='ocrx_word' id='word_1_195' title='bbox 162 2757 192 2815; x_wconf 95' lang='lat' dir='ltr'>hi</span> <span class='ocrx_word' id='word_1_196' title='bbox 208 2757 296 2816; x_wconf 89' lang='lat' dir='ltr'>nostri</span> <span class='ocrx_word' id='word_1_197' title='bbox 309 2758 425 2828; x_wconf 89' lang='lat' dir='ltr'>reditus,</span> <span class='ocrx_word' id='word_1_198' title='bbox 442 2758 657 2837; x_wconf 83' lang='lat' dir='ltr'>exspectatique</span> <span class='ocrx_word' id='word_1_199' title='bbox 673 2759 834 2838; x_wconf 83' lang='lat' dir='ltr'>triumphi?</span> 
     </span>
    </p>

    <p class='ocr_par' dir='ltr' id='par_1_11' title="bbox 162 2838 1003 2916">
     <span class='ocr_line' id='line_1_31' title="bbox 162 2838 1003 2916; baseline 0 -20"><span class='ocrx_word' id='word_1_200' title='bbox 162 2840 232 2896; x_wconf 86' lang='lat' dir='ltr'>haec</span> <span class='ocrx_word' id='word_1_201' title='bbox 249 2859 312 2897; x_wconf 91' lang='lat' dir='ltr'>mea</span> <span class='ocrx_word' id='word_1_202' title='bbox 326 2859 428 2915; x_wconf 87' lang='lat' dir='ltr'>magna</span> <span class='ocrx_word' id='word_1_203' title='bbox 442 2839 532 2897; x_wconf 80' lang='lat' dir='ltr'>sides?</span> <span class='ocrx_word' id='word_1_204' title='bbox 575 2855 602 2897; x_wconf 88' lang='lat' dir='ltr'>at</span> <span class='ocrx_word' id='word_1_205' title='bbox 616 2859 685 2912; x_wconf 93' lang='lat' dir='ltr'>non,</span> <span class='ocrx_word' id='word_1_206' title='bbox 703 2839 846 2910; x_wconf 85' lang='lat' dir='ltr'>Euandre,</span> <span class='ocrx_word' id='word_1_207' title='bbox 862 2838 1003 2916; x_wconf 89' lang='lat' dir='ltr'>pudendis</span> 
     </span>
    </p>

    <p class='ocr_par' dir='ltr' id='par_1_12' title="bbox 88 2913 968 3159">
     <span class='ocr_line' id='line_1_32' title="bbox 88 2913 921 2998; baseline 0 -20"><span class='ocrx_word' id='word_1_208' title='bbox 88 2913 91 2922; x_wconf 68' lang='grc'>’</span> <span class='ocrx_word' id='word_1_209' title='bbox 163 2919 330 2978; x_wconf 88' lang='lat' dir='ltr'>vulneribus</span> <span class='ocrx_word' id='word_1_210' title='bbox 344 2921 461 2998; x_wconf 89' lang='lat' dir='ltr'>pulsum</span> <span class='ocrx_word' id='word_1_211' title='bbox 477 2919 593 2997; x_wconf 88' lang='lat' dir='ltr'>aspicies</span> <span class='ocrx_word' id='word_1_212' title='bbox 608 2945 617 2990; x_wconf 81' lang='lat'>3</span> <span class='ocrx_word' id='word_1_213' title='bbox 639 2942 693 2980; x_wconf 91' lang='lat' dir='ltr'>nec</span> <span class='ocrx_word' id='word_1_214' title='bbox 709 2919 813 2997; x_wconf 86' lang='lat' dir='ltr'>sospite</span> <span class='ocrx_word' id='word_1_215' title='bbox 827 2920 921 2978; x_wconf 89' lang='lat' dir='ltr'>dirum</span> 
     </span>
     <span class='ocr_line' id='line_1_33' title="bbox 163 2999 908 3078; baseline 0.001 -20"><span class='ocrx_word' id='word_1_216' title='bbox 163 2999 274 3078; x_wconf 90' lang='lat' dir='ltr'>optabis</span> <span class='ocrx_word' id='word_1_217' title='bbox 288 3016 357 3059; x_wconf 86' lang='lat' dir='ltr'>nato</span> <span class='ocrx_word' id='word_1_218' title='bbox 371 3001 459 3059; x_wconf 85' lang='lat' dir='ltr'>funus</span> <span class='ocrx_word' id='word_1_219' title='bbox 473 3017 561 3078; x_wconf 88' lang='lat' dir='ltr'>pater.</span> <span class='ocrx_word' id='word_1_220' title='bbox 604 3001 652 3059; x_wconf 91' lang='lat' dir='ltr'>hei</span> <span class='ocrx_word' id='word_1_221' title='bbox 668 3001 751 3070; x_wconf 90' lang='lat' dir='ltr'>mihi,</span> <span class='ocrx_word' id='word_1_222' title='bbox 766 3017 908 3078; x_wconf 85' lang='lat' dir='ltr'>quantum</span> 
     </span>
     <span class='ocr_line' id='line_1_34' title="bbox 163 3080 968 3174; baseline 0.002 -36"><span class='ocrx_word' id='word_1_223' title='bbox 163 3080 337 3158; x_wconf 88' lang='lat' dir='ltr'>praesidium</span> <span class='ocrx_word' id='word_1_224' title='bbox 350 3081 479 3140; x_wconf 85' lang='lat' dir='ltr'>Ausonia</span> <span class='ocrx_word' id='word_1_225' title='bbox 494 3097 523 3140; x_wconf 93' lang='lat' dir='ltr'>et</span> <span class='ocrx_word' id='word_1_226' title='bbox 537 3097 679 3174; x_wconf 88' lang='lat' dir='ltr'>quantum</span> <span class='ocrx_word' id='word_1_227' title='bbox 696 3097 728 3140; x_wconf 91' lang='lat' dir='ltr'>tu</span> <span class='ocrx_word' id='word_1_228' title='bbox 743 3082 849 3159; x_wconf 90' lang='lat' dir='ltr'>perdis,</span> <span class='ocrx_word' id='word_1_229' title='bbox 864 3082 948 3141; x_wconf 89' lang='lat' dir='ltr'>Iule.</span> <span class='ocrx_word' id='word_1_230' title='bbox 942 3081 968 3124; x_wconf 77' lang='lat' dir='ltr'>l’</span> 
     </span>
    </p>

    <p class='ocr_par' dir='ltr' id='par_1_13' title="bbox 164 3159 1031 3402">
     <span class='ocr_line' id='line_1_35' title="bbox 204 3159 854 3242; baseline 0.003 -23"><span class='ocrx_word' id='word_1_231' title='bbox 204 3162 274 3220; x_wconf 90' lang='lat' dir='ltr'>haec</span> <span class='ocrx_word' id='word_1_232' title='bbox 290 3161 339 3220; x_wconf 90' lang='lat' dir='ltr'>ubi</span> <span class='ocrx_word' id='word_1_233' title='bbox 354 3161 482 3232; x_wconf 86' lang='lat' dir='ltr'>deflevit,</span> <span class='ocrx_word' id='word_1_234' title='bbox 496 3161 560 3222; x_wconf 93' lang='lat' dir='ltr'>tolli</span> <span class='ocrx_word' id='word_1_235' title='bbox 575 3159 735 3220; x_wconf 88' lang='lat' dir='ltr'>miserabile</span> <span class='ocrx_word' id='word_1_236' title='bbox 751 3183 854 3242; x_wconf 88' lang='lat' dir='ltr'>corpus</span> 
     </span>
     <span class='ocr_line' id='line_1_36' title="bbox 164 3241 1031 3318; baseline 0.008 -20"><span class='ocrx_word' id='word_1_237' title='bbox 164 3241 295 3318; x_wconf 89' lang='lat' dir='ltr'>imperat,</span> <span class='ocrx_word' id='word_1_238' title='bbox 310 3257 339 3300; x_wconf 91' lang='lat' dir='ltr'>et</span> <span class='ocrx_word' id='word_1_239' title='bbox 353 3258 413 3300; x_wconf 91' lang='lat' dir='ltr'>toto</span> <span class='ocrx_word' id='word_1_240' title='bbox 428 3243 515 3301; x_wconf 90' lang='lat' dir='ltr'>lectos</span> <span class='ocrx_word' id='word_1_241' title='bbox 530 3263 565 3301; x_wconf 83' lang='lat' dir='ltr'>ex</span> <span class='ocrx_word' id='word_1_242' title='bbox 579 3242 692 3318; x_wconf 79' lang='lat' dir='ltr'>agmine</span> <span class='ocrx_word' id='word_1_243' title='bbox 707 3243 797 3303; x_wconf 88' lang='lat' dir='ltr'>mittit</span> <span class='ocrx_word' id='word_1_244' title='bbox 1005 3259 1031 3298; x_wconf 83' lang='lat'>⁶0</span> 
     </span>
     <span class='ocr_line' id='line_1_37' title="bbox 164 3322 942 3402; baseline 0 -21"><span class='ocrx_word' id='word_1_245' title='bbox 164 3322 288 3381; x_wconf 90' lang='lat' dir='ltr'>mille&#39;</span> <span class='ocrx_word' id='word_1_246' title='bbox 261 3343 344 3395; x_wconf 78' lang='lat' dir='ltr'>viros,</span> <span class='ocrx_word' id='word_1_247' title='bbox 360 3322 409 3402; x_wconf 93' lang='lat' dir='ltr'>qui</span> <span class='ocrx_word' id='word_1_248' title='bbox 425 3343 590 3402; x_wconf 87' lang='lat' dir='ltr'>supremum</span> <span class='ocrx_word' id='word_1_249' title='bbox 604 3323 780 3383; x_wconf 89' lang='lat' dir='ltr'>comitentur</span> <span class='ocrx_word' id='word_1_250' title='bbox 794 3326 942 3392; x_wconf 86' lang='lat' dir='ltr'>honorem,</span> 
     </span>
    </p>

    <p class='ocr_par' dir='ltr' id='par_1_14' title="bbox 509 3417 644 3466">
     <span class='ocr_line' id='line_1_38' title="bbox 509 3417 644 3466; baseline 0 0"><span class='ocrx_word' id='word_1_251' title='bbox 509 3417 541 3466; x_wconf 81' lang='lat'>⁶0</span> <span class='ocrx_word' id='word_1_252' title='bbox 557 3417 644 3466; x_wconf 88' lang='lat' dir='ltr'>ordine.</span> 
     </span>
    </p>
   </div>
   <div class='ocr_carea' id='block_1_3' title="bbox 0 0 1286 4114">
    <p class='ocr_par' dir='ltr' id='par_1_15' title="bbox 0 0 1286 4114">
     <span class='ocr_line' id='line_1_39' title="bbox 0 0 1286 4114; baseline 0 0"><span class='ocrx_word' id='word_1_253' title='bbox 0 0 1286 4114; x_wconf 95' lang='lat' dir='ltr'> </span> 
     </span>
    </p>
   </div>
  </div>
 </body>
</html>
