<?xml version="1.0" encoding="UTF-8"?>
<!DOCTYPE html PUBLIC "-//W3C//DTD XHTML 1.0 Transitional//EN"
    "http://www.w3.org/TR/xhtml1/DTD/xhtml1-transitional.dtd">
<html xmlns="http://www.w3.org/1999/xhtml" xml:lang="en" lang="en">
 <head>
  <title>
</title>
<meta http-equiv="Content-Type" content="text/html;charset=utf-8" />
  <meta name='ocr-system' content='tesseract 3.04.00' />
  <meta name='ocr-capabilities' content='ocr_page ocr_carea ocr_par ocr_line ocrx_word'/>
</head>
<body>
  <div class='ocr_page' id='page_1' title='image "./bucolicageorgic05virggoog/bucolicageorgic05virggoog_0235.png"; bbox 0 0 2568 4114; ppageno 0'>
   <div class='ocr_carea' id='block_1_1' title="bbox 245 353 927 410">
    <p class='ocr_par' dir='ltr' id='par_1_1' title="bbox 245 353 927 410">
     <span class='ocr_line' id='line_1_1' title="bbox 245 353 927 410; baseline -0.012 -1"><span class='ocrx_word' id='word_1_1' title='bbox 245 361 290 410; x_wconf 84' lang='lat'>208</span> <span class='ocrx_word' id='word_1_2' title='bbox 517 356 544 404; x_wconf 91' lang='lat' dir='ltr'>P.</span> <span class='ocrx_word' id='word_1_3' title='bbox 562 353 705 404; x_wconf 80' lang='lat' dir='ltr'>VERGILI</span> <span class='ocrx_word' id='word_1_4' title='bbox 723 353 881 402; x_wconf 86' lang='lat' dir='ltr'>MARONIS</span> <span class='ocrx_word' id='word_1_5' title='bbox 926 365 927 372; x_wconf 59' lang='lat'>¹</span> 
     </span>
    </p>
   </div>
   <div class='ocr_carea' id='block_1_2' title="bbox 204 483 1185 3466">
    <p class='ocr_par' dir='ltr' id='par_1_2' title="bbox 287 483 1117 1044">
     <span class='ocr_line' id='line_1_2' title="bbox 289 483 970 564; baseline -0.004 -17"><span class='ocrx_word' id='word_1_6' title='bbox 289 485 477 564; x_wconf 85' lang='lat' dir='ltr'><strong>Cocytusque</strong></span> <span class='ocrx_word' id='word_1_7' title='bbox 492 483 557 543; x_wconf 89' lang='lat' dir='ltr'>sinu</span> <span class='ocrx_word' id='word_1_8' title='bbox 573 484 673 543; x_wconf 87' lang='lat' dir='ltr'>labens</span> <span class='ocrx_word' id='word_1_9' title='bbox 688 483 883 543; x_wconf 88' lang='lat' dir='ltr'>circumvenit</span> <span class='ocrx_word' id='word_1_10' title='bbox 897 499 970 544; x_wconf 88' lang='lat' dir='ltr'>atro.</span> 
     </span>
     <span class='ocr_line' id='line_1_3' title="bbox 287 563 988 646; baseline -0.001 -21"><span class='ocrx_word' id='word_1_11' title='bbox 287 567 366 646; x_wconf 94' lang='lat' dir='ltr'>quod</span> <span class='ocrx_word' id='word_1_12' title='bbox 380 566 404 625; x_wconf 90' lang='lat' dir='ltr'>si</span> <span class='ocrx_word' id='word_1_13' title='bbox 420 581 517 625; x_wconf 87' lang='lat' dir='ltr'>tantus</span> <span class='ocrx_word' id='word_1_14' title='bbox 533 585 612 624; x_wconf 88' lang='lat' dir='ltr'>amor</span> <span class='ocrx_word' id='word_1_15' title='bbox 627 565 730 637; x_wconf 87' lang='lat' dir='ltr'>menti,</span> <span class='ocrx_word' id='word_1_16' title='bbox 746 563 769 622; x_wconf 87' lang='lat' dir='ltr'>si</span> <span class='ocrx_word' id='word_1_17' title='bbox 785 579 866 622; x_wconf 81' lang='lat' dir='ltr'>tanta</span> <span class='ocrx_word' id='word_1_18' title='bbox 880 564 988 643; x_wconf 86' lang='lat' dir='ltr'>cupido</span> 
     </span>
     <span class='ocr_line' id='line_1_4' title="bbox 287 645 948 724; baseline -0.006 -17"><span class='ocrx_word' id='word_1_19' title='bbox 287 648 330 707; x_wconf 87' lang='lat' dir='ltr'>bis</span> <span class='ocrx_word' id='word_1_20' title='bbox 347 646 460 724; x_wconf 83' lang='lat' dir='ltr'>Stygios</span> <span class='ocrx_word' id='word_1_21' title='bbox 474 647 575 705; x_wconf 87' lang='lat' dir='ltr'>innare</span> <span class='ocrx_word' id='word_1_22' title='bbox 590 647 678 718; x_wconf 86' lang='lat' dir='ltr'>lacus,</span> <span class='ocrx_word' id='word_1_23' title='bbox 695 645 738 704; x_wconf 87' lang='lat' dir='ltr'>bis</span> <span class='ocrx_word' id='word_1_24' title='bbox 753 645 834 721; x_wconf 86' lang='lat' dir='ltr'>nigra</span> <span class='ocrx_word' id='word_1_25' title='bbox 848 645 948 704; x_wconf 86' lang='lat' dir='ltr'>videre</span> 
     </span>
     <span class='ocr_line' id='line_1_5' title="bbox 287 725 960 802; baseline -0.006 -14"><span class='ocrx_word' id='word_1_26' title='bbox 287 729 421 800; x_wconf 85' lang='lat' dir='ltr'>Tartara,</span> <span class='ocrx_word' id='word_1_27' title='bbox 437 743 466 787; x_wconf 92' lang='lat' dir='ltr'>et</span> <span class='ocrx_word' id='word_1_28' title='bbox 480 728 583 786; x_wconf 89' lang='lat' dir='ltr'>insano</span> <span class='ocrx_word' id='word_1_29' title='bbox 597 727 678 787; x_wconf 87' lang='lat' dir='ltr'>iuvat</span> <span class='ocrx_word' id='word_1_30' title='bbox 692 725 844 802; x_wconf 85' lang='lat' dir='ltr'>indulgere</span> <span class='ocrx_word' id='word_1_31' title='bbox 858 725 960 799; x_wconf 85' lang='lat' dir='ltr'>labori,</span> 
     </span>
     <span class='ocr_line' id='line_1_6' title="bbox 288 807 1105 888; baseline -0.004 -19"><span class='ocrx_word' id='word_1_32' title='bbox 288 809 397 888; x_wconf 85' lang='lat' dir='ltr'>accipe,</span> <span class='ocrx_word' id='word_1_33' title='bbox 413 829 487 887; x_wconf 80' lang='lat' dir='ltr'>quae</span> <span class='ocrx_word' id='word_1_34' title='bbox 502 809 665 885; x_wconf 86' lang='lat' dir='ltr'>peragenda</span> <span class='ocrx_word' id='word_1_35' title='bbox 679 807 769 886; x_wconf 89' lang='lat' dir='ltr'>prius.</span> <span class='ocrx_word' id='word_1_36' title='bbox 811 807 884 867; x_wconf 87' lang='lat' dir='ltr'>latet</span> <span class='ocrx_word' id='word_1_37' title='bbox 899 807 1000 866; x_wconf 88' lang='lat' dir='ltr'>arbore</span> <span class='ocrx_word' id='word_1_38' title='bbox 1014 827 1105 885; x_wconf 84' lang='lat' dir='ltr'>opaca</span> 
     </span>
     <span class='ocr_line' id='line_1_7' title="bbox 288 887 912 961; baseline -0.005 -12"><span class='ocrx_word' id='word_1_39' title='bbox 288 911 390 950; x_wconf 87' lang='lat' dir='ltr'>aureus</span> <span class='ocrx_word' id='word_1_40' title='bbox 405 904 435 948; x_wconf 91' lang='lat' dir='ltr'>et</span> <span class='ocrx_word' id='word_1_41' title='bbox 449 889 527 948; x_wconf 86' lang='lat' dir='ltr'>foliis</span> <span class='ocrx_word' id='word_1_42' title='bbox 543 905 572 948; x_wconf 95' lang='lat' dir='ltr'>et</span> <span class='ocrx_word' id='word_1_43' title='bbox 587 890 668 948; x_wconf 90' lang='lat' dir='ltr'>lento</span> <span class='ocrx_word' id='word_1_44' title='bbox 682 887 794 947; x_wconf 89' lang='lat' dir='ltr'>vimine</span> <span class='ocrx_word' id='word_1_45' title='bbox 808 908 912 961; x_wconf 89' lang='lat' dir='ltr'>ramus,</span> 
     </span>
     <span class='ocr_line' id='line_1_8' title="bbox 288 967 1117 1044; baseline -0.006 -13"><span class='ocrx_word' id='word_1_46' title='bbox 288 969 396 1031; x_wconf 84' lang='lat' dir='ltr'>lunoni</span> <span class='ocrx_word' id='word_1_47' title='bbox 412 969 544 1028; x_wconf 85' lang='lat' dir='ltr'>infernae</span> <span class='ocrx_word' id='word_1_48' title='bbox 559 970 654 1030; x_wconf 88' lang='lat' dir='ltr'>dictus</span> <span class='ocrx_word' id='word_1_49' title='bbox 669 989 767 1040; x_wconf 87' lang='lat' dir='ltr'>sacer;</span> <span class='ocrx_word' id='word_1_50' title='bbox 788 971 868 1028; x_wconf 89' lang='lat' dir='ltr'>hunc</span> <span class='ocrx_word' id='word_1_51' title='bbox 884 967 955 1044; x_wconf 84' lang='lat' dir='ltr'>tegit</span> <span class='ocrx_word' id='word_1_52' title='bbox 969 969 1064 1027; x_wconf 89' lang='lat' dir='ltr'>omnis</span> <span class='ocrx_word' id='word_1_53' title='bbox 1115 994 1117 1003; x_wconf 60' lang='lat'><em>¹</em></span> 
     </span>
    </p>

    <p class='ocr_par' dir='ltr' id='par_1_3' title="bbox 219 1049 1185 2420">
     <span class='ocr_line' id='line_1_9' title="bbox 219 1049 1065 1124; baseline -0.004 -13"><span class='ocrx_word' id='word_1_54' title='bbox 219 1075 223 1083; x_wconf 87' lang='lat'><strong>·</strong></span> <span class='ocrx_word' id='word_1_55' title='bbox 288 1053 379 1124; x_wconf 88' lang='lat' dir='ltr'>lucus,</span> <span class='ocrx_word' id='word_1_56' title='bbox 395 1066 424 1110; x_wconf 89' lang='lat' dir='ltr'>et</span> <span class='ocrx_word' id='word_1_57' title='bbox 439 1050 567 1110; x_wconf 83' lang='lat' dir='ltr'>obscuris</span> <span class='ocrx_word' id='word_1_58' title='bbox 581 1051 725 1109; x_wconf 89' lang='lat' dir='ltr'>claudunt</span> <span class='ocrx_word' id='word_1_59' title='bbox 740 1049 921 1110; x_wconf 89' lang='lat' dir='ltr'>convallibus</span> <span class='ocrx_word' id='word_1_60' title='bbox 936 1049 1065 1108; x_wconf 84' lang='lat' dir='ltr'>umbrae.</span> 
     </span>
     <span class='ocr_line' id='line_1_10' title="bbox 288 1129 1158 1208; baseline -0.003 -17"><span class='ocrx_word' id='word_1_61' title='bbox 288 1133 338 1191; x_wconf 91' lang='lat' dir='ltr'>sed</span> <span class='ocrx_word' id='word_1_62' title='bbox 353 1153 413 1190; x_wconf 92' lang='lat' dir='ltr'>non</span> <span class='ocrx_word' id='word_1_63' title='bbox 428 1147 497 1190; x_wconf 87' lang='lat' dir='ltr'>ante</span> <span class='ocrx_word' id='word_1_64' title='bbox 512 1132 597 1192; x_wconf 88' lang='lat' dir='ltr'>datur</span> <span class='ocrx_word' id='word_1_65' title='bbox 611 1131 723 1202; x_wconf 86' lang='lat' dir='ltr'>telluris</span> <span class='ocrx_word' id='word_1_66' title='bbox 738 1145 838 1208; x_wconf 87' lang='lat' dir='ltr'>operta</span> <span class='ocrx_word' id='word_1_67' title='bbox 853 1129 959 1202; x_wconf 88' lang='lat' dir='ltr'>subire,</span> <span class='ocrx_word' id='word_1_68' title='bbox 1121 1159 1158 1198; x_wconf 86' lang='lat'>140</span> 
     </span>
     <span class='ocr_line' id='line_1_11' title="bbox 288 1210 1025 1291; baseline -0.003 -20"><span class='ocrx_word' id='word_1_69' title='bbox 288 1213 448 1272; x_wconf 90' lang='lat' dir='ltr'>auricomos</span> <span class='ocrx_word' id='word_1_70' title='bbox 463 1232 551 1290; x_wconf 88' lang='lat' dir='ltr'>quam</span> <span class='ocrx_word' id='word_1_71' title='bbox 565 1212 615 1291; x_wconf 91' lang='lat' dir='ltr'>qui</span> <span class='ocrx_word' id='word_1_72' title='bbox 632 1211 808 1291; x_wconf 83' lang='lat' dir='ltr'>decerpserit</span> <span class='ocrx_word' id='word_1_73' title='bbox 817 1211 924 1270; x_wconf 79' lang='lat' dir='ltr'>arbore</span> <span class='ocrx_word' id='word_1_74' title='bbox 939 1210 1025 1269; x_wconf 87' lang='lat' dir='ltr'>fetus.</span> 
     </span>
     <span class='ocr_line' id='line_1_12' title="bbox 287 1277 1031 1370; baseline -0.003 -18"><span class='ocrx_word' id='word_1_75' title='bbox 287 1296 342 1352; x_wconf 93' lang='lat' dir='ltr'>hoc</span> <span class='ocrx_word' id='word_1_76' title='bbox 358 1293 411 1352; x_wconf 85' lang='lat' dir='ltr'><strong>sibi</strong></span> <span class='ocrx_word' id='word_1_77' title='bbox 426 1294 547 1370; x_wconf 90' lang='lat' dir='ltr'>pulchra</span> <span class='ocrx_word' id='word_1_78' title='bbox 561 1314 645 1352; x_wconf 89' lang='lat' dir='ltr'>suum</span> <span class='ocrx_word' id='word_1_79' title='bbox 660 1293 726 1351; x_wconf 87' lang='lat' dir='ltr'>ferri</span> <span class='ocrx_word' id='word_1_80' title='bbox 743 1277 912 1370; x_wconf 78' lang='lat' dir='ltr'>Proserpina</span> <span class='ocrx_word' id='word_1_81' title='bbox 925 1310 1031 1350; x_wconf 88' lang='lat' dir='ltr'>munus</span> 
     </span>
     <span class='ocr_line' id='line_1_13' title="bbox 288 1372 931 1450; baseline -0.002 -19"><span class='ocrx_word' id='word_1_82' title='bbox 288 1373 430 1432; x_wconf 84' lang='lat' dir='ltr'>instituit:</span> <span class='ocrx_word' id='word_1_83' title='bbox 453 1374 545 1450; x_wconf 88' lang='lat' dir='ltr'>primo</span> <span class='ocrx_word' id='word_1_84' title='bbox 560 1374 657 1431; x_wconf 83' lang='lat' dir='ltr'>avulso</span> <span class='ocrx_word' id='word_1_85' title='bbox 672 1394 731 1431; x_wconf 92' lang='lat' dir='ltr'>non</span> <span class='ocrx_word' id='word_1_86' title='bbox 747 1372 845 1432; x_wconf 88' lang='lat' dir='ltr'>deficit</span> <span class='ocrx_word' id='word_1_87' title='bbox 860 1373 931 1432; x_wconf 87' lang='lat' dir='ltr'>alter</span> 
     </span>
     <span class='ocr_line' id='line_1_14' title="bbox 288 1449 947 1530; baseline 0 -18"><span class='ocrx_word' id='word_1_88' title='bbox 288 1474 399 1526; x_wconf 87' lang='lat' dir='ltr'>aureus,</span> <span class='ocrx_word' id='word_1_89' title='bbox 414 1469 443 1512; x_wconf 89' lang='lat' dir='ltr'>et</span> <span class='ocrx_word' id='word_1_90' title='bbox 457 1453 543 1512; x_wconf 85' lang='lat' dir='ltr'>simili</span> <span class='ocrx_word' id='word_1_91' title='bbox 558 1453 715 1512; x_wconf 88' lang='lat' dir='ltr'>frondescit</span> <span class='ocrx_word' id='word_1_92' title='bbox 729 1453 808 1530; x_wconf 88' lang='lat' dir='ltr'>virga</span> <span class='ocrx_word' id='word_1_93' title='bbox 822 1449 947 1512; x_wconf 85' lang='lat' dir='ltr'>metallo.</span> 
     </span>
     <span class='ocr_line' id='line_1_15' title="bbox 290 1534 930 1613; baseline -0.002 -19"><span class='ocrx_word' id='word_1_94' title='bbox 290 1555 356 1612; x_wconf 82' lang='lat' dir='ltr'>ergo</span> <span class='ocrx_word' id='word_1_95' title='bbox 370 1535 427 1593; x_wconf 90' lang='lat' dir='ltr'>alte</span> <span class='ocrx_word' id='word_1_96' title='bbox 441 1534 550 1610; x_wconf 84' lang='lat' dir='ltr'>vestiga</span> <span class='ocrx_word' id='word_1_97' title='bbox 563 1535 655 1594; x_wconf 84' lang='lat' dir='ltr'>oculis</span> <span class='ocrx_word' id='word_1_98' title='bbox 669 1551 699 1593; x_wconf 90' lang='lat' dir='ltr'>et</span> <span class='ocrx_word' id='word_1_99' title='bbox 715 1535 769 1593; x_wconf 86' lang='lat' dir='ltr'>rite</span> <span class='ocrx_word' id='word_1_100' title='bbox 783 1549 930 1613; x_wconf 87' lang='lat' dir='ltr'>repertum</span> 
     </span>
     <span class='ocr_line' id='line_1_16' title="bbox 289 1614 1154 1694; baseline -0.005 -19"><span class='ocrx_word' id='word_1_101' title='bbox 289 1635 372 1692; x_wconf 85' lang='lat' dir='ltr'>carpe</span> <span class='ocrx_word' id='word_1_102' title='bbox 387 1634 474 1674; x_wconf 87' lang='lat' dir='ltr'>manu</span> <span class='ocrx_word' id='word_1_103' title='bbox 488 1638 497 1684; x_wconf 90' lang='lat'><strong>;</strong></span> <span class='ocrx_word' id='word_1_104' title='bbox 517 1634 643 1693; x_wconf 88' lang='lat' dir='ltr'>namque</span> <span class='ocrx_word' id='word_1_105' title='bbox 658 1614 718 1693; x_wconf 88' lang='lat' dir='ltr'>ipse</span> <span class='ocrx_word' id='word_1_106' title='bbox 731 1616 831 1675; x_wconf 83' lang='lat' dir='ltr'>volens</span> <span class='ocrx_word' id='word_1_107' title='bbox 847 1615 996 1694; x_wconf 87' lang='lat' dir='ltr'>facilisque</span> <span class='ocrx_word' id='word_1_108' title='bbox 1011 1629 1154 1692; x_wconf 88' lang='lat' dir='ltr'>sequetur,</span> 
     </span>
     <span class='ocr_line' id='line_1_17' title="bbox 289 1695 1185 1756; baseline -0.002 -2"><span class='ocrx_word' id='word_1_109' title='bbox 289 1696 311 1754; x_wconf 90' lang='lat' dir='ltr'>si</span> <span class='ocrx_word' id='word_1_110' title='bbox 326 1712 355 1756; x_wconf 90' lang='lat' dir='ltr'>te</span> <span class='ocrx_word' id='word_1_111' title='bbox 370 1695 428 1755; x_wconf 90' lang='lat' dir='ltr'>fata</span> <span class='ocrx_word' id='word_1_112' title='bbox 440 1711 564 1755; x_wconf 81' lang='lat' dir='ltr'>vocant:</span> <span class='ocrx_word' id='word_1_113' title='bbox 586 1696 668 1754; x_wconf 91' lang='lat' dir='ltr'>aliter</span> <span class='ocrx_word' id='word_1_114' title='bbox 683 1700 743 1754; x_wconf 87' lang='lat' dir='ltr'>n&#39;on</span> <span class='ocrx_word' id='word_1_115' title='bbox 757 1695 867 1755; x_wconf 86' lang='lat' dir='ltr'>viribus</span> <span class='ocrx_word' id='word_1_116' title='bbox 882 1695 948 1755; x_wconf 86' lang='lat' dir='ltr'>ullis</span> <span class='ocrx_word' id='word_1_117' title='bbox 1182 1715 1185 1722; x_wconf 89' lang='grc'>·</span> 
     </span>
     <span class='ocr_line' id='line_1_18' title="bbox 289 1777 960 1854; baseline 0 -19"><span class='ocrx_word' id='word_1_118' title='bbox 289 1777 405 1835; x_wconf 89' lang='lat' dir='ltr'>vincere</span> <span class='ocrx_word' id='word_1_119' title='bbox 420 1796 475 1836; x_wconf 87' lang='lat' dir='ltr'>nec</span> <span class='ocrx_word' id='word_1_120' title='bbox 489 1777 562 1836; x_wconf 89' lang='lat' dir='ltr'>duro</span> <span class='ocrx_word' id='word_1_121' title='bbox 576 1777 682 1854; x_wconf 89' lang='lat' dir='ltr'>poteris</span> <span class='ocrx_word' id='word_1_122' title='bbox 697 1777 861 1836; x_wconf 87' lang='lat' dir='ltr'>convellere</span> <span class='ocrx_word' id='word_1_123' title='bbox 876 1778 960 1835; x_wconf 86' lang='lat' dir='ltr'>ferro.</span> 
     </span>
     <span class='ocr_line' id='line_1_19' title="bbox 289 1856 1030 1936; baseline -0.003 -20"><span class='ocrx_word' id='word_1_124' title='bbox 289 1873 433 1936; x_wconf 88' lang='lat' dir='ltr'>praeterea</span> <span class='ocrx_word' id='word_1_125' title='bbox 447 1858 521 1918; x_wconf 87' lang='lat' dir='ltr'>iacet</span> <span class='ocrx_word' id='word_1_126' title='bbox 535 1858 702 1916; x_wconf 87' lang='lat' dir='ltr'>exanimum</span> <span class='ocrx_word' id='word_1_127' title='bbox 717 1857 770 1916; x_wconf 91' lang='lat' dir='ltr'>tibi</span> <span class='ocrx_word' id='word_1_128' title='bbox 786 1878 889 1936; x_wconf 87' lang='lat' dir='ltr'>corpus</span> <span class='ocrx_word' id='word_1_129' title='bbox 903 1856 1030 1916; x_wconf 89' lang='lat' dir='ltr'>amici-</span> 
     </span>
     <span class='ocr_line' id='line_1_20' title="bbox 289 1938 1159 2018; baseline -0.003 -21"><span class='ocrx_word' id='word_1_130' title='bbox 289 1940 346 1998; x_wconf 87' lang='lat' dir='ltr'>heu</span> <span class='ocrx_word' id='word_1_131' title='bbox 361 1939 453 1998; x_wconf 90' lang='lat' dir='ltr'>nescis</span> <span class='ocrx_word' id='word_1_132' title='bbox 466 1940 665 2018; x_wconf 89' lang='lat' dir='ltr'>!—t0tamque</span> <span class='ocrx_word' id='word_1_133' title='bbox 680 1938 803 1998; x_wconf 86' lang='lat' dir='ltr'>incestat</span> <span class='ocrx_word' id='word_1_134' title='bbox 817 1938 919 1996; x_wconf 89' lang='lat' dir='ltr'>funere</span> <span class='ocrx_word' id='word_1_135' title='bbox 934 1938 1063 2008; x_wconf 87' lang='lat' dir='ltr'>classem,</span> <span class='ocrx_word' id='word_1_136' title='bbox 1120 1965 1159 2004; x_wconf 79' lang='lat'>150</span> 
     </span>
     <span class='ocr_line' id='line_1_21' title="bbox 290 2018 1053 2097; baseline -0.001 -20"><span class='ocrx_word' id='word_1_137' title='bbox 290 2019 360 2078; x_wconf 90' lang='lat' dir='ltr'>dum</span> <span class='ocrx_word' id='word_1_138' title='bbox 375 2020 505 2078; x_wconf 84' lang='lat' dir='ltr'>consulta</span> <span class='ocrx_word' id='word_1_139' title='bbox 519 2019 591 2096; x_wconf 86' lang='lat' dir='ltr'>petis</span> <span class='ocrx_word' id='word_1_140' title='bbox 606 2035 761 2097; x_wconf 88' lang='lat' dir='ltr'>nostroque</span> <span class='ocrx_word' id='word_1_141' title='bbox 775 2019 806 2077; x_wconf 88' lang='lat' dir='ltr'>in</span> <span class='ocrx_word' id='word_1_142' title='bbox 822 2018 923 2078; x_wconf 91' lang='lat' dir='ltr'>limine</span> <span class='ocrx_word' id='word_1_143' title='bbox 937 2018 1053 2096; x_wconf 87' lang='lat' dir='ltr'>pendes.</span> 
     </span>
     <span class='ocr_line' id='line_1_22' title="bbox 289 2099 1064 2176; baseline 0 -18"><span class='ocrx_word' id='word_1_144' title='bbox 289 2099 402 2158; x_wconf 88' lang='lat' dir='ltr'>sedibus</span> <span class='ocrx_word' id='word_1_145' title='bbox 417 2102 495 2158; x_wconf 87' lang='lat' dir='ltr'>hunc</span> <span class='ocrx_word' id='word_1_146' title='bbox 510 2101 584 2158; x_wconf 87' lang='lat' dir='ltr'>refer</span> <span class='ocrx_word' id='word_1_147' title='bbox 599 2117 665 2159; x_wconf 81' lang='lat' dir='ltr'>ante</span> <span class='ocrx_word' id='word_1_148' title='bbox 680 2100 736 2158; x_wconf 86' lang='lat' dir='ltr'>suis</span> <span class='ocrx_word' id='word_1_149' title='bbox 751 2115 781 2159; x_wconf 89' lang='lat' dir='ltr'>et</span> <span class='ocrx_word' id='word_1_150' title='bbox 795 2100 888 2158; x_wconf 89' lang='lat' dir='ltr'>conde</span> <span class='ocrx_word' id='word_1_151' title='bbox 903 2100 1064 2176; x_wconf 89' lang='lat' dir='ltr'>sepulchro.</span> 
     </span>
     <span class='ocr_line' id='line_1_23' title="bbox 289 2181 1008 2259; baseline -0.001 -19"><span class='ocrx_word' id='word_1_152' title='bbox 289 2181 347 2240; x_wconf 88' lang='lat' dir='ltr'>duc</span> <span class='ocrx_word' id='word_1_153' title='bbox 362 2181 455 2256; x_wconf 85' lang='lat' dir='ltr'>nigras</span> <span class='ocrx_word' id='word_1_154' title='bbox 468 2181 613 2258; x_wconf 80' lang='lat' dir='ltr'>pecudes3</span> <span class='ocrx_word' id='word_1_155' title='bbox 634 2201 665 2240; x_wconf 89' lang='lat' dir='ltr'>ea</span> <span class='ocrx_word' id='word_1_156' title='bbox 680 2182 772 2259; x_wconf 81' lang='lat' dir='ltr'>prima</span> <span class='ocrx_word' id='word_1_157' title='bbox 785 2181 899 2258; x_wconf 88' lang='lat' dir='ltr'>piacula</span> <span class='ocrx_word' id='word_1_158' title='bbox 913 2195 1008 2240; x_wconf 88' lang='lat' dir='ltr'>sunto.</span> 
     </span>
     <span class='ocr_line' id='line_1_24' title="bbox 290 2259 985 2338; baseline -0.001 -19"><span class='ocrx_word' id='word_1_159' title='bbox 290 2261 330 2320; x_wconf 91' lang='lat' dir='ltr'>sic</span> <span class='ocrx_word' id='word_1_160' title='bbox 345 2260 463 2320; x_wconf 89' lang='lat' dir='ltr'>demum</span> <span class='ocrx_word' id='word_1_161' title='bbox 478 2263 556 2320; x_wconf 90' lang='lat' dir='ltr'>lucos</span> <span class='ocrx_word' id='word_1_162' title='bbox 573 2262 664 2338; x_wconf 82' lang='lat' dir='ltr'>Stygis</span> <span class='ocrx_word' id='word_1_163' title='bbox 679 2277 709 2320; x_wconf 86' lang='lat' dir='ltr'>et</span> <span class='ocrx_word' id='word_1_164' title='bbox 723 2281 809 2336; x_wconf 83' lang='lat' dir='ltr'>regna</span> <span class='ocrx_word' id='word_1_165' title='bbox 822 2259 900 2318; x_wconf 88' lang='lat' dir='ltr'>invia</span> <span class='ocrx_word' id='word_1_166' title='bbox 914 2260 985 2319; x_wconf 88' lang='lat' dir='ltr'>vivis</span> 
     </span>
     <span class='ocr_line' id='line_1_25' title="bbox 291 2341 948 2420; baseline 0 -19"><span class='ocrx_word' id='word_1_167' title='bbox 291 2341 426 2420; x_wconf 66' lang='lat' dir='ltr'>aspicies!</span> <span class='ocrx_word' id='word_1_168' title='bbox 466 2342 550 2413; x_wconf 86' lang='lat' dir='ltr'>dixit,</span> <span class='ocrx_word' id='word_1_169' title='bbox 565 2363 717 2420; x_wconf 88' lang='lat' dir='ltr'>pressoque</span> <span class='ocrx_word' id='word_1_170' title='bbox 731 2342 877 2401; x_wconf 89' lang='lat' dir='ltr'>obmutuit</span> <span class='ocrx_word' id='word_1_171' title='bbox 891 2361 948 2402; x_wconf 90' lang='lat' dir='ltr'>ore.</span> 
     </span>
    </p>

    <p class='ocr_par' dir='ltr' id='par_1_4' title="bbox 330 2422 912 2482">
     <span class='ocr_line' id='line_1_26' title="bbox 330 2422 912 2482; baseline -0.002 0"><span class='ocrx_word' id='word_1_172' title='bbox 330 2425 443 2482; x_wconf 84' lang='lat' dir='ltr'>Aeneas</span> <span class='ocrx_word' id='word_1_173' title='bbox 457 2440 564 2482; x_wconf 88' lang='lat' dir='ltr'>maesto</span> <span class='ocrx_word' id='word_1_174' title='bbox 579 2424 687 2482; x_wconf 84' lang='lat' dir='ltr'>defixus</span> <span class='ocrx_word' id='word_1_175' title='bbox 703 2422 815 2481; x_wconf 88' lang='lat' dir='ltr'>lumina</span> <span class='ocrx_word' id='word_1_176' title='bbox 830 2423 912 2482; x_wconf 89' lang='lat' dir='ltr'>vultu</span> 
     </span>
    </p>

    <p class='ocr_par' dir='ltr' id='par_1_5' title="bbox 290 2503 1047 2644">
     <span class='ocr_line' id='line_1_27' title="bbox 290 2503 1047 2583; baseline -0.001 -21"><span class='ocrx_word' id='word_1_177' title='bbox 290 2504 457 2579; x_wconf 87' lang='lat' dir='ltr'>ingreditur,</span> <span class='ocrx_word' id='word_1_178' title='bbox 473 2504 608 2583; x_wconf 85' lang='lat' dir='ltr'>linquens</span> <span class='ocrx_word' id='word_1_179' title='bbox 623 2520 747 2572; x_wconf 90' lang='lat' dir='ltr'>antrum,</span> <span class='ocrx_word' id='word_1_180' title='bbox 764 2517 923 2582; x_wconf 83' lang='lat' dir='ltr'>caecosque</span> <span class='ocrx_word' id='word_1_181' title='bbox 935 2503 1047 2564; x_wconf 86' lang='lat' dir='ltr'>volutat</span> 
     </span>
     <span class='ocr_line' id='line_1_28' title="bbox 291 2583 950 2644; baseline -0.003 0"><span class='ocrx_word' id='word_1_182' title='bbox 291 2599 410 2644; x_wconf 87' lang='lat' dir='ltr'>eventus</span> <span class='ocrx_word' id='word_1_183' title='bbox 425 2585 522 2644; x_wconf 83' lang='lat' dir='ltr'>animo</span> <span class='ocrx_word' id='word_1_184' title='bbox 536 2605 653 2644; x_wconf 87' lang='lat' dir='ltr'>secum:</span> <span class='ocrx_word' id='word_1_185' title='bbox 675 2584 723 2644; x_wconf 92' lang='lat' dir='ltr'>cui</span> <span class='ocrx_word' id='word_1_186' title='bbox 739 2583 811 2642; x_wconf 87' lang='lat' dir='ltr'>fidus</span> <span class='ocrx_word' id='word_1_187' title='bbox 825 2583 950 2644; x_wconf 85' lang='lat' dir='ltr'>Achates</span> 
     </span>
    </p>

    <p class='ocr_par' dir='ltr' id='par_1_6' title="bbox 208 2665 1160 3306">
     <span class='ocr_line' id='line_1_29' title="bbox 208 2665 903 2744; baseline -0.001 -20"><span class='ocrx_word' id='word_1_188' title='bbox 208 2696 212 2707; x_wconf 89' lang='lat'>·</span> <span class='ocrx_word' id='word_1_189' title='bbox 291 2665 313 2724; x_wconf 90' lang='lat' dir='ltr'>it</span> <span class='ocrx_word' id='word_1_190' title='bbox 327 2685 422 2725; x_wconf 87' lang='lat' dir='ltr'>comes</span> <span class='ocrx_word' id='word_1_191' title='bbox 437 2682 466 2724; x_wconf 94' lang='lat' dir='ltr'>et</span> <span class='ocrx_word' id='word_1_192' title='bbox 479 2666 592 2742; x_wconf 87' lang='lat' dir='ltr'>paribus</span> <span class='ocrx_word' id='word_1_193' title='bbox 609 2665 683 2725; x_wconf 88' lang='lat' dir='ltr'>curis</span> <span class='ocrx_word' id='word_1_194' title='bbox 697 2667 818 2744; x_wconf 85' lang='lat' dir='ltr'>vestigia</span> <span class='ocrx_word' id='word_1_195' title='bbox 832 2665 903 2742; x_wconf 90' lang='lat' dir='ltr'>figit.</span> 
     </span>
     <span class='ocr_line' id='line_1_30' title="bbox 291 2745 1160 2818; baseline -0.005 -14"><span class='ocrx_word' id='word_1_196' title='bbox 291 2745 382 2805; x_wconf 82' lang='lat' dir='ltr'>multa</span> <span class='ocrx_word' id='word_1_197' title='bbox 395 2747 471 2806; x_wconf 91' lang='lat' dir='ltr'>inter</span> <span class='ocrx_word' id='word_1_198' title='bbox 485 2766 543 2804; x_wconf 85' lang='lat' dir='ltr'>sese</span> <span class='ocrx_word' id='word_1_199' title='bbox 558 2746 636 2804; x_wconf 89' lang='lat' dir='ltr'>vario</span> <span class='ocrx_word' id='word_1_200' title='bbox 650 2767 780 2806; x_wconf 87' lang='lat' dir='ltr'>sermone</span> <span class='ocrx_word' id='word_1_201' title='bbox 795 2747 934 2818; x_wconf 82' lang='lat' dir='ltr'>serebant,</span> <span class='ocrx_word' id='word_1_202' title='bbox 1121 2761 1160 2801; x_wconf 82' lang='lat'>160</span> 
     </span>
     <span class='ocr_line' id='line_1_31' title="bbox 291 2823 1159 2908; baseline -0.002 -24"><span class='ocrx_word' id='word_1_203' title='bbox 291 2845 378 2904; x_wconf 88' lang='lat' dir='ltr'>quem</span> <span class='ocrx_word' id='word_1_204' title='bbox 389 2827 497 2886; x_wconf 90' lang='lat' dir='ltr'>socium</span> <span class='ocrx_word' id='word_1_205' title='bbox 507 2827 672 2887; x_wconf 86' lang='lat' dir='ltr'>exanimum</span> <span class='ocrx_word' id='word_1_206' title='bbox 684 2844 769 2899; x_wconf 82' lang='lat' dir='ltr'>vates,</span> <span class='ocrx_word' id='word_1_207' title='bbox 780 2828 858 2908; x_wconf 91' lang='lat' dir='ltr'>quod</span> <span class='ocrx_word' id='word_1_208' title='bbox 866 2846 968 2904; x_wconf 90' lang='lat' dir='ltr'>corpus</span> <span class='ocrx_word' id='word_1_209' title='bbox 977 2823 1159 2883; x_wconf 87' lang='lat' dir='ltr'>humandum</span> 
     </span>
     <span class='ocr_line' id='line_1_32' title="bbox 291 2906 994 2985; baseline -0.001 -20"><span class='ocrx_word' id='word_1_210' title='bbox 291 2906 418 2978; x_wconf 81' lang='lat' dir='ltr'>diceret3</span> <span class='ocrx_word' id='word_1_211' title='bbox 439 2923 523 2985; x_wconf 85' lang='lat' dir='ltr'>atque</span> <span class='ocrx_word' id='word_1_212' title='bbox 539 2908 582 2966; x_wconf 93' lang='lat' dir='ltr'>illi</span> <span class='ocrx_word' id='word_1_213' title='bbox 599 2909 748 2968; x_wconf 86' lang='lat' dir='ltr'>Misenum</span> <span class='ocrx_word' id='word_1_214' title='bbox 763 2909 792 2966; x_wconf 92' lang='lat' dir='ltr'>in</span> <span class='ocrx_word' id='word_1_215' title='bbox 811 2909 893 2967; x_wconf 89' lang='lat' dir='ltr'>litore</span> <span class='ocrx_word' id='word_1_216' title='bbox 908 2907 994 2978; x_wconf 86' lang='lat' dir='ltr'>sicco,</span> 
     </span>
     <span class='ocr_line' id='line_1_33' title="bbox 292 2989 1011 3066; baseline 0.003 -22"><span class='ocrx_word' id='word_1_217' title='bbox 292 3003 324 3044; x_wconf 90' lang='lat' dir='ltr'>ut</span> <span class='ocrx_word' id='word_1_218' title='bbox 338 3008 452 3060; x_wconf 87' lang='lat' dir='ltr'>venere,</span> <span class='ocrx_word' id='word_1_219' title='bbox 468 2989 567 3048; x_wconf 88' lang='lat' dir='ltr'>vident</span> <span class='ocrx_word' id='word_1_220' title='bbox 582 2989 700 3064; x_wconf 87' lang='lat' dir='ltr'>indigna</span> <span class='ocrx_word' id='word_1_221' title='bbox 713 3005 805 3048; x_wconf 89' lang='lat' dir='ltr'>morte</span> <span class='ocrx_word' id='word_1_222' title='bbox 819 3004 1011 3066; x_wconf 85' lang='lat' dir='ltr'>peremptum,</span> 
     </span>
     <span class='ocr_line' id='line_1_34' title="bbox 293 3067 1042 3148; baseline 0 -24"><span class='ocrx_word' id='word_1_223' title='bbox 293 3067 443 3128; x_wconf 86' lang='lat' dir='ltr'>Misenum</span> <span class='ocrx_word' id='word_1_224' title='bbox 457 3069 610 3141; x_wconf 90' lang='lat' dir='ltr'>Aeoliden,</span> <span class='ocrx_word' id='word_1_225' title='bbox 624 3090 682 3148; x_wconf 92' lang='lat' dir='ltr'>quo</span> <span class='ocrx_word' id='word_1_226' title='bbox 696 3091 756 3127; x_wconf 92' lang='lat' dir='ltr'>non</span> <span class='ocrx_word' id='word_1_227' title='bbox 769 3069 958 3147; x_wconf 82' lang='lat' dir='ltr'>praestantior</span> <span class='ocrx_word' id='word_1_228' title='bbox 972 3069 1042 3128; x_wconf 87' lang='lat' dir='ltr'>alter</span> 
     </span>
     <span class='ocr_line' id='line_1_35' title="bbox 292 3149 1017 3228; baseline 0.004 -23"><span class='ocrx_word' id='word_1_229' title='bbox 292 3167 356 3206; x_wconf 90' lang='lat' dir='ltr'>aere</span> <span class='ocrx_word' id='word_1_230' title='bbox 370 3149 446 3208; x_wconf 88' lang='lat' dir='ltr'>ciere</span> <span class='ocrx_word' id='word_1_231' title='bbox 461 3150 534 3208; x_wconf 90' lang='lat' dir='ltr'>viros</span> <span class='ocrx_word' id='word_1_232' title='bbox 549 3150 734 3228; x_wconf 87' lang='lat' dir='ltr'>Martemque</span> <span class='ocrx_word' id='word_1_233' title='bbox 749 3150 905 3209; x_wconf 89' lang='lat' dir='ltr'>accendere</span> <span class='ocrx_word' id='word_1_234' title='bbox 920 3165 1017 3208; x_wconf 87' lang='lat' dir='ltr'>cantu.</span> 
     </span>
     <span class='ocr_line' id='line_1_36' title="bbox 293 3227 1098 3306; baseline 0 -20"><span class='ocrx_word' id='word_1_235' title='bbox 293 3227 428 3288; x_wconf 87' lang='lat' dir='ltr'>Hectoris</span> <span class='ocrx_word' id='word_1_236' title='bbox 442 3231 490 3288; x_wconf 88' lang='lat' dir='ltr'>hic</span> <span class='ocrx_word' id='word_1_237' title='bbox 506 3231 600 3306; x_wconf 79' lang='lat' dir='ltr'>magni</span> <span class='ocrx_word' id='word_1_238' title='bbox 615 3231 708 3290; x_wconf 85' lang='lat' dir='ltr'>fuerat</span> <span class='ocrx_word' id='word_1_239' title='bbox 722 3250 827 3301; x_wconf 87' lang='lat' dir='ltr'>comes,</span> <span class='ocrx_word' id='word_1_240' title='bbox 844 3230 972 3289; x_wconf 87' lang='lat' dir='ltr'>Hectora</span> <span class='ocrx_word' id='word_1_241' title='bbox 986 3227 1098 3288; x_wconf 86' lang='lat' dir='ltr'>circum</span> 
     </span>
    </p>

    <p class='ocr_par' dir='ltr' id='par_1_7' title="bbox 204 3309 942 3389">
     <span class='ocr_line' id='line_1_37' title="bbox 204 3309 942 3389; baseline 0.003 -22"><span class='ocrx_word' id='word_1_242' title='bbox 204 3343 206 3350; x_wconf 84' lang='grc'><strong><em>·</em></strong></span> <span class='ocrx_word' id='word_1_243' title='bbox 294 3325 322 3368; x_wconf 88' lang='lat' dir='ltr'>et</span> <span class='ocrx_word' id='word_1_244' title='bbox 337 3309 409 3370; x_wconf 93' lang='lat' dir='ltr'>lituo</span> <span class='ocrx_word' id='word_1_245' title='bbox 422 3331 531 3389; x_wconf 84' lang='lat' dir='ltr'>pugnas</span> <span class='ocrx_word' id='word_1_246' title='bbox 545 3311 662 3386; x_wconf 87' lang='lat' dir='ltr'>insignis</span> <span class='ocrx_word' id='word_1_247' title='bbox 676 3311 773 3370; x_wconf 90' lang='lat' dir='ltr'>obibat</span> <span class='ocrx_word' id='word_1_248' title='bbox 787 3327 816 3370; x_wconf 86' lang='lat' dir='ltr'>et</span> <span class='ocrx_word' id='word_1_249' title='bbox 830 3312 918 3370; x_wconf 83' lang='lat' dir='ltr'>hasta.</span> <span class='ocrx_word' id='word_1_250' title='bbox 939 3347 942 3359; x_wconf 59' lang='grc' dir='ltr'><strong><em>ι</em></strong></span> 
     </span>
    </p>

    <p class='ocr_par' dir='ltr' id='par_1_8' title="bbox 532 3405 880 3466">
     <span class='ocr_line' id='line_1_38' title="bbox 532 3405 880 3466; baseline 0.006 -15"><span class='ocrx_word' id='word_1_251' title='bbox 532 3405 730 3466; x_wconf 81' lang='lat' dir='ltr'>133&#39;cnpidoost.</span> <span class='ocrx_word' id='word_1_252' title='bbox 766 3418 808 3465; x_wconf 87' lang='lat'>141</span> <span class='ocrx_word' id='word_1_253' title='bbox 822 3405 880 3466; x_wconf 84' lang='lat' dir='ltr'>quis.</span> 
     </span>
    </p>
   </div>
   <div class='ocr_carea' id='block_1_3' title="bbox 0 0 1297 4114">
    <p class='ocr_par' dir='ltr' id='par_1_9' title="bbox 0 0 1297 4114">
     <span class='ocr_line' id='line_1_39' title="bbox 0 0 1297 4114; baseline 0 0"><span class='ocrx_word' id='word_1_254' title='bbox 0 0 1297 4114; x_wconf 95' lang='lat' dir='ltr'> </span> 
     </span>
    </p>
   </div>
  </div>
 </body>
</html>
