<?xml version="1.0" encoding="UTF-8"?>
<!DOCTYPE html PUBLIC "-//W3C//DTD XHTML 1.0 Transitional//EN"
    "http://www.w3.org/TR/xhtml1/DTD/xhtml1-transitional.dtd">
<html xmlns="http://www.w3.org/1999/xhtml" xml:lang="en" lang="en">
 <head>
  <title>
</title>
<meta http-equiv="Content-Type" content="text/html;charset=utf-8" />
  <meta name='ocr-system' content='tesseract 3.04.00' />
  <meta name='ocr-capabilities' content='ocr_page ocr_carea ocr_par ocr_line ocrx_word'/>
</head>
<body>
  <div class='ocr_page' id='page_1' title='image "./bucolicageorgic05virggoog/bucolicageorgic05virggoog_0374.png"; bbox 0 0 2562 4114; ppageno 0'>
   <div class='ocr_carea' id='block_1_1' title="bbox 443 351 1046 416">
    <p class='ocr_par' dir='ltr' id='par_1_1' title="bbox 443 351 1046 416">
     <span class='ocr_line' id='line_1_1' title="bbox 443 351 1046 416; baseline 0.028 -17"><span class='ocrx_word' id='word_1_1' title='bbox 443 351 609 400; x_wconf 86' lang='lat' dir='ltr'>AENEIDOS</span> <span class='ocrx_word' id='word_1_2' title='bbox 627 353 690 401; x_wconf 87' lang='lat' dir='ltr'>LIB.</span> <span class='ocrx_word' id='word_1_3' title='bbox 708 352 746 400; x_wconf 87' lang='lat' dir='ltr'>XI</span> <span class='ocrx_word' id='word_1_4' title='bbox 1000 367 1046 416; x_wconf 79' lang='lat'>³49</span> 
     </span>
    </p>
   </div>
   <div class='ocr_carea' id='block_1_2' title="bbox 183 481 970 883">
    <p class='ocr_par' dir='ltr' id='par_1_2' title="bbox 183 481 970 883">
     <span class='ocr_line' id='line_1_2' title="bbox 183 481 949 562; baseline -0.007 -18"><span class='ocrx_word' id='word_1_5' title='bbox 183 483 335 546; x_wconf 87' lang='lat' dir='ltr'>moenibus</span> <span class='ocrx_word' id='word_1_6' title='bbox 350 483 380 542; x_wconf 92' lang='lat' dir='ltr'>in</span> <span class='ocrx_word' id='word_1_7' title='bbox 395 483 501 562; x_wconf 90' lang='lat' dir='ltr'>patriis,</span> <span class='ocrx_word' id='word_1_8' title='bbox 517 495 604 560; x_wconf 89' lang='lat' dir='ltr'>atque</span> <span class='ocrx_word' id='word_1_9' title='bbox 619 481 696 540; x_wconf 89' lang='lat' dir='ltr'>inter</span> <span class='ocrx_word' id='word_1_10' title='bbox 710 495 773 540; x_wconf 89' lang='lat' dir='ltr'>tuta</span> <span class='ocrx_word' id='word_1_11' title='bbox 787 481 949 551; x_wconf 90' lang='lat' dir='ltr'>domorum,</span> 
     </span>
     <span class='ocr_line' id='line_1_3' title="bbox 184 562 967 642; baseline -0.009 -15"><span class='ocrx_word' id='word_1_12' title='bbox 184 564 291 627; x_wconf 83' lang='lat' dir='ltr'>confixi</span> <span class='ocrx_word' id='word_1_13' title='bbox 307 564 451 642; x_wconf 81' lang='lat' dir='ltr'>exspirant</span> <span class='ocrx_word' id='word_1_14' title='bbox 466 563 584 622; x_wconf 84' lang='lat' dir='ltr'>animas.</span> <span class='ocrx_word' id='word_1_15' title='bbox 624 583 687 641; x_wconf 87' lang='lat' dir='ltr'>pars</span> <span class='ocrx_word' id='word_1_16' title='bbox 702 562 835 621; x_wconf 80' lang='lat' dir='ltr'><strong>claudere</strong></span> <span class='ocrx_word' id='word_1_17' title='bbox 850 578 945 640; x_wconf 87' lang='lat' dir='ltr'>portas</span> <span class='ocrx_word' id='word_1_18' title='bbox 958 588 967 633; x_wconf 89' lang='lat'>;</span> 
     </span>
     <span class='ocr_line' id='line_1_4' title="bbox 185 642 926 723; baseline -0.004 -18"><span class='ocrx_word' id='word_1_19' title='bbox 185 666 239 706; x_wconf 88' lang='lat' dir='ltr'>nec</span> <span class='ocrx_word' id='word_1_20' title='bbox 255 645 337 704; x_wconf 90' lang='lat' dir='ltr'>sociis</span> <span class='ocrx_word' id='word_1_21' title='bbox 353 645 461 723; x_wconf 86' lang='lat' dir='ltr'>aperire</span> <span class='ocrx_word' id='word_1_22' title='bbox 476 643 562 714; x_wconf 89' lang='lat' dir='ltr'>viam,</span> <span class='ocrx_word' id='word_1_23' title='bbox 577 664 630 702; x_wconf 91' lang='lat' dir='ltr'>nec</span> <span class='ocrx_word' id='word_1_24' title='bbox 648 643 801 701; x_wconf 88' lang='lat' dir='ltr'>moenibus</span> <span class='ocrx_word' id='word_1_25' title='bbox 816 642 926 702; x_wconf 88' lang='lat' dir='ltr'>audent</span> 
     </span>
     <span class='ocr_line' id='line_1_5' title="bbox 184 723 926 804; baseline -0.003 -19"><span class='ocrx_word' id='word_1_26' title='bbox 184 725 314 804; x_wconf 88' lang='lat' dir='ltr'>accipere</span> <span class='ocrx_word' id='word_1_27' title='bbox 328 740 443 785; x_wconf 88' lang='lat' dir='ltr'>orantes</span> <span class='ocrx_word' id='word_1_28' title='bbox 455 749 465 794; x_wconf 91' lang='lat'>;</span> <span class='ocrx_word' id='word_1_29' title='bbox 485 725 634 802; x_wconf 90' lang='lat' dir='ltr'>oriturque</span> <span class='ocrx_word' id='word_1_30' title='bbox 652 723 812 782; x_wconf 86' lang='lat' dir='ltr'>miserrima</span> <span class='ocrx_word' id='word_1_31' title='bbox 826 723 926 783; x_wconf 87' lang='lat' dir='ltr'>caedes</span> 
     </span>
     <span class='ocr_line' id='line_1_6' title="bbox 184 804 970 883; baseline -0.001 -18"><span class='ocrx_word' id='word_1_32' title='bbox 184 805 395 865; x_wconf 87' lang='lat' dir='ltr'>defendentum</span> <span class='ocrx_word' id='word_1_33' title='bbox 410 805 493 864; x_wconf 87' lang='lat' dir='ltr'>armis</span> <span class='ocrx_word' id='word_1_34' title='bbox 509 805 611 878; x_wconf 88' lang='lat' dir='ltr'>aditus,</span> <span class='ocrx_word' id='word_1_35' title='bbox 627 804 717 883; x_wconf 89' lang='lat' dir='ltr'>inque</span> <span class='ocrx_word' id='word_1_36' title='bbox 732 823 810 863; x_wconf 88' lang='lat' dir='ltr'>arma</span> <span class='ocrx_word' id='word_1_37' title='bbox 823 819 970 865; x_wconf 85' lang='lat' dir='ltr'>ruentum.</span> 
     </span>
    </p>
   </div>
   <div class='ocr_carea' id='block_1_3' title="bbox 171 885 1050 1366">
    <p class='ocr_par' dir='ltr' id='par_1_3' title="bbox 182 885 994 1047">
     <span class='ocr_line' id='line_1_7' title="bbox 184 885 994 963; baseline -0.002 -17"><span class='ocrx_word' id='word_1_38' title='bbox 184 886 293 946; x_wconf 86' lang='lat' dir='ltr'>exclusi</span> <span class='ocrx_word' id='word_1_39' title='bbox 308 901 375 946; x_wconf 89' lang='lat' dir='ltr'>ante</span> <span class='ocrx_word' id='word_1_40' title='bbox 389 886 489 945; x_wconf 86' lang='lat' dir='ltr'>oculos</span> <span class='ocrx_word' id='word_1_41' title='bbox 505 885 765 963; x_wconf 86' lang='lat' dir='ltr'>lacrimantumque</span> <span class='ocrx_word' id='word_1_42' title='bbox 779 905 827 944; x_wconf 88' lang='lat' dir='ltr'>ora</span> <span class='ocrx_word' id='word_1_43' title='bbox 841 901 994 963; x_wconf 89' lang='lat' dir='ltr'>parentum</span> 
     </span>
     <span class='ocr_line' id='line_1_8' title="bbox 182 964 832 1047; baseline -0.003 -22"><span class='ocrx_word' id='word_1_44' title='bbox 182 988 246 1047; x_wconf 86' lang='lat' dir='ltr'>pars</span> <span class='ocrx_word' id='word_1_45' title='bbox 260 967 291 1025; x_wconf 90' lang='lat' dir='ltr'>in</span> <span class='ocrx_word' id='word_1_46' title='bbox 305 966 476 1046; x_wconf 89' lang='lat' dir='ltr'>praecipites</span> <span class='ocrx_word' id='word_1_47' title='bbox 491 967 578 1026; x_wconf 86' lang='lat' dir='ltr'>fossas</span> <span class='ocrx_word' id='word_1_48' title='bbox 593 981 735 1044; x_wconf 89' lang='lat' dir='ltr'>urguente</span> <span class='ocrx_word' id='word_1_49' title='bbox 749 964 832 1024; x_wconf 90' lang='lat' dir='ltr'>ruina</span> 
     </span>
    </p>

    <p class='ocr_par' dir='ltr' id='par_1_4' title="bbox 182 1045 909 1124">
     <span class='ocr_line' id='line_1_9' title="bbox 182 1045 909 1124; baseline -0.003 -17"><span class='ocrx_word' id='word_1_50' title='bbox 182 1047 339 1121; x_wconf 89' lang='lat' dir='ltr'>volvitur,&#39;</span> <span class='ocrx_word' id='word_1_51' title='bbox 331 1047 456 1106; x_wconf 82' lang='lat' dir='ltr'>inmissis</span> <span class='ocrx_word' id='word_1_52' title='bbox 470 1067 533 1124; x_wconf 87' lang='lat' dir='ltr'>pars</span> <span class='ocrx_word' id='word_1_53' title='bbox 548 1066 633 1105; x_wconf 85' lang='lat' dir='ltr'>caeca</span> <span class='ocrx_word' id='word_1_54' title='bbox 648 1061 677 1104; x_wconf 91' lang='lat' dir='ltr'>et</span> <span class='ocrx_word' id='word_1_55' title='bbox 691 1045 806 1104; x_wconf 88' lang='lat' dir='ltr'>concita</span> <span class='ocrx_word' id='word_1_56' title='bbox 820 1045 909 1105; x_wconf 85' lang='lat' dir='ltr'>frenis</span> 
     </span>
    </p>

    <p class='ocr_par' dir='ltr' id='par_1_5' title="bbox 183 1127 1050 1286">
     <span class='ocr_line' id='line_1_10' title="bbox 184 1127 1050 1206; baseline -0.003 -19"><span class='ocrx_word' id='word_1_57' title='bbox 184 1128 283 1187; x_wconf 88' lang='lat' dir='ltr'>arietat</span> <span class='ocrx_word' id='word_1_58' title='bbox 296 1128 328 1186; x_wconf 90' lang='lat' dir='ltr'>in</span> <span class='ocrx_word' id='word_1_59' title='bbox 341 1144 437 1206; x_wconf 88' lang='lat' dir='ltr'>portas</span> <span class='ocrx_word' id='word_1_60' title='bbox 453 1143 481 1186; x_wconf 90' lang='lat' dir='ltr'>et</span> <span class='ocrx_word' id='word_1_61' title='bbox 496 1127 582 1185; x_wconf 88' lang='lat' dir='ltr'>duros</span> <span class='ocrx_word' id='word_1_62' title='bbox 597 1127 680 1185; x_wconf 89' lang='lat' dir='ltr'>obice</span> <span class='ocrx_word' id='word_1_63' title='bbox 694 1142 798 1203; x_wconf 89' lang='lat' dir='ltr'>postes.</span> <span class='ocrx_word' id='word_1_64' title='bbox 1011 1143 1050 1196; x_wconf 65' lang='grc' dir='ltr'>ιφ</span> 
     </span>
     <span class='ocr_line' id='line_1_11' title="bbox 183 1207 875 1286; baseline -0.004 -19"><span class='ocrx_word' id='word_1_65' title='bbox 183 1208 259 1286; x_wconf 84' lang='lat' dir='ltr'>ipsae</span> <span class='ocrx_word' id='word_1_66' title='bbox 273 1209 309 1268; x_wconf 91' lang='lat' dir='ltr'>de</span> <span class='ocrx_word' id='word_1_67' title='bbox 324 1208 413 1267; x_wconf 88' lang='lat' dir='ltr'>muris</span> <span class='ocrx_word' id='word_1_68' title='bbox 427 1227 541 1266; x_wconf 88' lang='lat' dir='ltr'>summo</span> <span class='ocrx_word' id='word_1_69' title='bbox 556 1207 714 1267; x_wconf 83' lang='lat' dir='ltr'>certamine</span> <span class='ocrx_word' id='word_1_70' title='bbox 730 1222 875 1265; x_wconf 86' lang='lat' dir='ltr'>matres—</span> 
     </span>
    </p>

    <p class='ocr_par' dir='ltr' id='par_1_6' title="bbox 171 1286 1005 1366">
     <span class='ocr_line' id='line_1_12' title="bbox 171 1286 1005 1366; baseline -0.002 -18"><span class='ocrx_word' id='word_1_71' title='bbox 171 1289 322 1348; x_wconf 80' lang='lat' dir='ltr'>&#39;monstrat</span> <span class='ocrx_word' id='word_1_72' title='bbox 336 1308 415 1348; x_wconf 87' lang='lat' dir='ltr'>amor</span> <span class='ocrx_word' id='word_1_73' title='bbox 428 1308 512 1347; x_wconf 88' lang='lat' dir='ltr'>verus</span> <span class='ocrx_word' id='word_1_74' title='bbox 526 1286 712 1366; x_wconf 84' lang='lat' dir='ltr'>patriae-ut</span> <span class='ocrx_word' id='word_1_75' title='bbox 727 1287 824 1346; x_wconf 91' lang='lat' dir='ltr'>videre</span> <span class='ocrx_word' id='word_1_76' title='bbox 840 1286 1005 1358; x_wconf 81' lang='lat' dir='ltr'>Camillam,</span> 
     </span>
    </p>
   </div>
   <div class='ocr_carea' id='block_1_4' title="bbox 181 1367 998 1927">
    <p class='ocr_par' dir='ltr' id='par_1_7' title="bbox 181 1367 979 1927">
     <span class='ocr_line' id='line_1_13' title="bbox 183 1367 877 1448; baseline -0.007 -18"><span class='ocrx_word' id='word_1_77' title='bbox 183 1370 241 1430; x_wconf 91' lang='lat' dir='ltr'>tela</span> <span class='ocrx_word' id='word_1_78' title='bbox 257 1390 343 1429; x_wconf 90' lang='lat' dir='ltr'>manu</span> <span class='ocrx_word' id='word_1_79' title='bbox 360 1369 511 1448; x_wconf 87' lang='lat' dir='ltr'>trepidae</span> <span class='ocrx_word' id='word_1_80' title='bbox 503 1367 624 1440; x_wconf 78' lang='lat' dir='ltr'>iaciunt,</span> <span class='ocrx_word' id='word_1_81' title='bbox 641 1388 673 1426; x_wconf 92' lang='lat' dir='ltr'>ac</span> <span class='ocrx_word' id='word_1_82' title='bbox 688 1369 789 1426; x_wconf 87' lang='lat' dir='ltr'>robore</span> <span class='ocrx_word' id='word_1_83' title='bbox 804 1367 877 1426; x_wconf 90' lang='lat' dir='ltr'>duro</span> 
     </span>
     <span class='ocr_line' id='line_1_14' title="bbox 182 1447 929 1528; baseline -0.005 -19"><span class='ocrx_word' id='word_1_84' title='bbox 182 1449 329 1528; x_wconf 87' lang='lat' dir='ltr'>stipitibus</span> <span class='ocrx_word' id='word_1_85' title='bbox 343 1451 450 1510; x_wconf 88' lang='lat' dir='ltr'>ferrum</span> <span class='ocrx_word' id='word_1_86' title='bbox 465 1448 664 1528; x_wconf 74' lang='lat' dir='ltr'>sudibusque</span> <span class='ocrx_word' id='word_1_87' title='bbox 656 1449 807 1508; x_wconf 77' lang='lat' dir='ltr'>imitantur</span> <span class='ocrx_word' id='word_1_88' title='bbox 820 1447 929 1506; x_wconf 86' lang='lat' dir='ltr'>obustis</span> 
     </span>
     <span class='ocr_line' id='line_1_15' title="bbox 182 1527 989 1622; baseline -0.005 -33"><span class='ocrx_word' id='word_1_89' title='bbox 182 1531 361 1609; x_wconf 86' lang='lat' dir='ltr'>praecipites,</span> <span class='ocrx_word' id='word_1_90' title='bbox 375 1531 541 1622; x_wconf 87' lang='lat' dir='ltr'>primaeque</span> <span class='ocrx_word' id='word_1_91' title='bbox 556 1529 630 1588; x_wconf 88' lang='lat' dir='ltr'>mori</span> <span class='ocrx_word' id='word_1_92' title='bbox 645 1549 698 1606; x_wconf 90' lang='lat' dir='ltr'>pro</span> <span class='ocrx_word' id='word_1_93' title='bbox 713 1528 864 1587; x_wconf 90' lang='lat' dir='ltr'>moenibus</span> <span class='ocrx_word' id='word_1_94' title='bbox 880 1527 989 1587; x_wconf 86' lang='lat' dir='ltr'>ardent.</span> 
     </span>
     <span class='ocr_line' id='line_1_16' title="bbox 222 1608 929 1685; baseline -0.003 -16"><span class='ocrx_word' id='word_1_95' title='bbox 222 1611 332 1670; x_wconf 90' lang='lat' dir='ltr'>interea</span> <span class='ocrx_word' id='word_1_96' title='bbox 346 1610 506 1669; x_wconf 88' lang='lat' dir='ltr'>Turnum</span> <span class='ocrx_word' id='word_1_97' title='bbox 499 1631 529 1668; x_wconf 89' lang='grc' dir='ltr'>ιιι</span> <span class='ocrx_word' id='word_1_98' title='bbox 545 1609 624 1668; x_wconf 87' lang='lat' dir='ltr'>silvis</span> <span class='ocrx_word' id='word_1_99' title='bbox 644 1609 821 1669; x_wconf 86' lang='lat' dir='ltr'>saevissimus</span> <span class='ocrx_word' id='word_1_100' title='bbox 835 1608 929 1685; x_wconf 91' lang='lat' dir='ltr'>inplet</span> 
     </span>
     <span class='ocr_line' id='line_1_17' title="bbox 182 1690 998 1767; baseline -0.005 -17"><span class='ocrx_word' id='word_1_101' title='bbox 182 1692 312 1764; x_wconf 90' lang='lat' dir='ltr'>nuntius,</span> <span class='ocrx_word' id='word_1_102' title='bbox 327 1706 356 1750; x_wconf 92' lang='lat' dir='ltr'>et</span> <span class='ocrx_word' id='word_1_103' title='bbox 370 1690 470 1750; x_wconf 90' lang='lat' dir='ltr'>iuveni</span> <span class='ocrx_word' id='word_1_104' title='bbox 484 1690 635 1767; x_wconf 88' lang='lat' dir='ltr'>ingentem</span> <span class='ocrx_word' id='word_1_105' title='bbox 650 1690 709 1748; x_wconf 85' lang='lat' dir='ltr'>fert</span> <span class='ocrx_word' id='word_1_106' title='bbox 723 1691 803 1749; x_wconf 90' lang='lat' dir='ltr'>Acca</span> <span class='ocrx_word' id='word_1_107' title='bbox 817 1690 998 1748; x_wconf 89' lang='lat' dir='ltr'>tumultum:</span> 
     </span>
     <span class='ocr_line' id='line_1_18' title="bbox 181 1769 911 1841; baseline -0.007 -10"><span class='ocrx_word' id='word_1_108' title='bbox 181 1773 288 1830; x_wconf 88' lang='lat' dir='ltr'>deletas</span> <span class='ocrx_word' id='word_1_109' title='bbox 303 1772 476 1830; x_wconf 88' lang='lat' dir='ltr'>Volscorum</span> <span class='ocrx_word' id='word_1_110' title='bbox 493 1770 578 1841; x_wconf 89' lang='lat' dir='ltr'>acies,</span> <span class='ocrx_word' id='word_1_111' title='bbox 593 1770 729 1828; x_wconf 87' lang='lat' dir='ltr'>cecidisse</span> <span class='ocrx_word' id='word_1_112' title='bbox 745 1769 911 1840; x_wconf 85' lang='lat' dir='ltr'>Camillam,</span> 
     </span>
     <span class='ocr_line' id='line_1_19' title="bbox 181 1847 879 1927; baseline -0.006 -17"><span class='ocrx_word' id='word_1_113' title='bbox 181 1852 312 1927; x_wconf 86' lang='lat' dir='ltr'>ingruere</span> <span class='ocrx_word' id='word_1_114' title='bbox 327 1851 455 1910; x_wconf 89' lang='lat' dir='ltr'>infensos</span> <span class='ocrx_word' id='word_1_115' title='bbox 470 1853 576 1922; x_wconf 88' lang='lat' dir='ltr'>hostes,</span> <span class='ocrx_word' id='word_1_116' title='bbox 593 1864 622 1909; x_wconf 92' lang='lat' dir='ltr'>et</span> <span class='ocrx_word' id='word_1_117' title='bbox 638 1851 736 1907; x_wconf 87' lang='lat' dir='ltr'>Marte</span> <span class='ocrx_word' id='word_1_118' title='bbox 751 1847 879 1907; x_wconf 87' lang='lat' dir='ltr'>secundo</span> 
     </span>
    </p>
   </div>
   <div class='ocr_carea' id='block_1_5' title="bbox 182 1927 1135 2008">
    <p class='ocr_par' dir='ltr' id='par_1_8' title="bbox 182 1927 1135 2008">
     <span class='ocr_line' id='line_1_20' title="bbox 182 1927 1135 2008; baseline -0.006 -18"><span class='ocrx_word' id='word_1_119' title='bbox 182 1932 279 1990; x_wconf 89' lang='lat' dir='ltr'>omnia</span> <span class='ocrx_word' id='word_1_120' title='bbox 293 1930 475 2008; x_wconf 88' lang='lat' dir='ltr'>corripuisse,</span> <span class='ocrx_word' id='word_1_121' title='bbox 491 1945 604 1988; x_wconf 89' lang='lat' dir='ltr'>metum</span> <span class='ocrx_word' id='word_1_122' title='bbox 621 1929 678 1987; x_wconf 89' lang='lat' dir='ltr'>iam</span> <span class='ocrx_word' id='word_1_123' title='bbox 695 1928 730 1987; x_wconf 97' lang='lat' dir='ltr'>ad</span> <span class='ocrx_word' id='word_1_124' title='bbox 744 1927 859 1988; x_wconf 90' lang='lat' dir='ltr'>moenia</span> <span class='ocrx_word' id='word_1_125' title='bbox 875 1927 949 1986; x_wconf 88' lang='lat' dir='ltr'>ferri.</span> <span class='ocrx_word' id='word_1_126' title='bbox 1009 1956 1047 1998; x_wconf 63' lang='grc' dir='ltr'>ιω</span> <span class='ocrx_word' id='word_1_127' title='bbox 1127 1951 1135 1968; x_wconf 86' lang='grc'><em>·</em></span> 
     </span>
    </p>
   </div>
   <div class='ocr_carea' id='block_1_6' title="bbox 181 2009 1048 3198">
    <p class='ocr_par' dir='ltr' id='par_1_9' title="bbox 182 2009 978 2168">
     <span class='ocr_line' id='line_1_21' title="bbox 182 2009 978 2087; baseline -0.006 -16"><span class='ocrx_word' id='word_1_128' title='bbox 182 2013 232 2071; x_wconf 91' lang='lat' dir='ltr'>ille</span> <span class='ocrx_word' id='word_1_129' title='bbox 248 2012 417 2071; x_wconf 89' lang='lat' dir='ltr'>furens—et</span> <span class='ocrx_word' id='word_1_130' title='bbox 432 2030 513 2069; x_wconf 86' lang='lat' dir='ltr'>saeva</span> <span class='ocrx_word' id='word_1_131' title='bbox 530 2010 606 2068; x_wconf 91' lang='lat' dir='ltr'>Iovis</span> <span class='ocrx_word' id='word_1_132' title='bbox 622 2009 662 2068; x_wconf 89' lang='lat' dir='ltr'>sic</span> <span class='ocrx_word' id='word_1_133' title='bbox 678 2009 799 2067; x_wconf 89' lang='lat' dir='ltr'>numina</span> <span class='ocrx_word' id='word_1_134' title='bbox 812 2023 978 2087; x_wconf 89' lang='lat' dir='ltr'>poscunt-</span> 
     </span>
     <span class='ocr_line' id='line_1_22' title="bbox 182 2088 918 2184; baseline -0.006 -33"><span class='ocrx_word' id='word_1_135' title='bbox 182 2092 288 2151; x_wconf 89' lang='lat' dir='ltr'>deserit</span> <span class='ocrx_word' id='word_1_136' title='bbox 301 2091 426 2150; x_wconf 88' lang='lat' dir='ltr'>obsessos</span> <span class='ocrx_word' id='word_1_137' title='bbox 442 2091 538 2184; x_wconf 85' lang='lat' dir='ltr'>colles,</span> <span class='ocrx_word' id='word_1_138' title='bbox 556 2110 674 2148; x_wconf 88' lang='lat' dir='ltr'>nemora</span> <span class='ocrx_word' id='word_1_139' title='bbox 689 2109 786 2168; x_wconf 88' lang='lat' dir='ltr'>aspera</span> <span class='ocrx_word' id='word_1_140' title='bbox 801 2088 918 2167; x_wconf 90' lang='lat' dir='ltr'>linquit.</span> 
     </span>
    </p>

    <p class='ocr_par' dir='ltr' id='par_1_10' title="bbox 181 2171 908 2414">
     <span class='ocr_line' id='line_1_23' title="bbox 181 2171 908 2263; baseline -0.006 -31"><span class='ocrx_word' id='word_1_141' title='bbox 181 2173 230 2232; x_wconf 87' lang='lat' dir='ltr'>vix</span> <span class='ocrx_word' id='word_1_142' title='bbox 245 2193 260 2232; x_wconf 92' lang='lat' dir='ltr'>e</span> <span class='ocrx_word' id='word_1_143' title='bbox 275 2187 434 2250; x_wconf 87' lang='lat' dir='ltr'>conspectu</span> <span class='ocrx_word' id='word_1_144' title='bbox 449 2171 557 2230; x_wconf 84' lang='lat' dir='ltr'>exierat</span> <span class='ocrx_word' id='word_1_145' title='bbox 573 2189 768 2263; x_wconf 87' lang='lat' dir='ltr'>campumque</span> <span class='ocrx_word' id='word_1_146' title='bbox 783 2171 908 2240; x_wconf 87' lang='lat' dir='ltr'>tenebat,</span> 
     </span>
     <span class='ocr_line' id='line_1_24' title="bbox 182 2250 875 2331; baseline -0.006 -19"><span class='ocrx_word' id='word_1_147' title='bbox 182 2273 250 2312; x_wconf 91' lang='lat' dir='ltr'>cum</span> <span class='ocrx_word' id='word_1_148' title='bbox 264 2267 345 2331; x_wconf 89' lang='lat' dir='ltr'>pater</span> <span class='ocrx_word' id='word_1_149' title='bbox 358 2253 482 2323; x_wconf 85' lang='lat' dir='ltr'>Aeneas,</span> <span class='ocrx_word' id='word_1_150' title='bbox 496 2250 607 2311; x_wconf 89' lang='lat' dir='ltr'>saltus</span> <span class='ocrx_word' id='word_1_151' title='bbox 599 2271 740 2328; x_wconf 79' lang='lat' dir='ltr'>ingressus</span> <span class='ocrx_word' id='word_1_152' title='bbox 756 2267 875 2328; x_wconf 86' lang='lat' dir='ltr'>apertos,</span> 
     </span>
     <span class='ocr_line' id='line_1_25' title="bbox 184 2331 881 2426; baseline -0.007 -33"><span class='ocrx_word' id='word_1_153' title='bbox 184 2349 390 2426; x_wconf 82' lang='lat' dir='ltr'>exsuperatque</span> <span class='ocrx_word' id='word_1_154' title='bbox 405 2333 513 2408; x_wconf 89' lang='lat' dir='ltr'>iugum,</span> <span class='ocrx_word' id='word_1_155' title='bbox 530 2332 659 2411; x_wconf 84' lang='lat' dir='ltr'>silvaque</span> <span class='ocrx_word' id='word_1_156' title='bbox 674 2331 769 2390; x_wconf 90' lang='lat' dir='ltr'>evadit</span> <span class='ocrx_word' id='word_1_157' title='bbox 783 2351 881 2408; x_wconf 89' lang='lat' dir='ltr'>opaca</span> 
     </span>
    </p>

    <p class='ocr_par' dir='ltr' id='par_1_11' title="bbox 183 2412 902 2571">
     <span class='ocr_line' id='line_1_26' title="bbox 183 2412 875 2491; baseline -0.006 -18"><span class='ocrx_word' id='word_1_158' title='bbox 183 2415 225 2474; x_wconf 86' lang='lat' dir='ltr'>sic</span> <span class='ocrx_word' id='word_1_159' title='bbox 239 2414 324 2472; x_wconf 86' lang='lat' dir='ltr'>ambo</span> <span class='ocrx_word' id='word_1_160' title='bbox 338 2412 375 2472; x_wconf 88' lang='lat' dir='ltr'>ad</span> <span class='ocrx_word' id='word_1_161' title='bbox 390 2433 485 2472; x_wconf 86' lang='lat' dir='ltr'>muros</span> <span class='ocrx_word' id='word_1_162' title='bbox 500 2413 591 2490; x_wconf 91' lang='lat' dir='ltr'>rapidi</span> <span class='ocrx_word' id='word_1_163' title='bbox 607 2428 728 2491; x_wconf 87' lang='lat' dir='ltr'>totoque</span> <span class='ocrx_word' id='word_1_164' title='bbox 742 2412 875 2471; x_wconf 86' lang='lat' dir='ltr'>feruntur</span> 
     </span>
     <span class='ocr_line' id='line_1_27' title="bbox 183 2493 902 2571; baseline -0.006 -18"><span class='ocrx_word' id='word_1_165' title='bbox 183 2494 308 2571; x_wconf 87' lang='lat' dir='ltr'>agmine,</span> <span class='ocrx_word' id='word_1_166' title='bbox 322 2514 377 2553; x_wconf 90' lang='lat' dir='ltr'>nec</span> <span class='ocrx_word' id='word_1_167' title='bbox 392 2493 507 2569; x_wconf 87' lang='lat' dir='ltr'>longis&#39;</span> <span class='ocrx_word' id='word_1_168' title='bbox 499 2507 575 2551; x_wconf 84' lang='lat' dir='ltr'>mter</span> <span class='ocrx_word' id='word_1_169' title='bbox 590 2512 619 2551; x_wconf 86' lang='lat' dir='ltr'>se</span> <span class='ocrx_word' id='word_1_170' title='bbox 633 2493 760 2570; x_wconf 90' lang='lat' dir='ltr'>passibus</span> <span class='ocrx_word' id='word_1_171' title='bbox 776 2493 902 2561; x_wconf 88' lang='lat' dir='ltr'>absunt;</span> 
     </span>
    </p>

    <p class='ocr_par' dir='ltr' id='par_1_12' title="bbox 182 2574 886 2735">
     <span class='ocr_line' id='line_1_28' title="bbox 183 2574 868 2651; baseline -0.006 -17"><span class='ocrx_word' id='word_1_172' title='bbox 183 2597 215 2635; x_wconf 97' lang='lat' dir='ltr'>ac</span> <span class='ocrx_word' id='word_1_173' title='bbox 230 2575 316 2634; x_wconf 90' lang='lat' dir='ltr'>simul</span> <span class='ocrx_word' id='word_1_174' title='bbox 330 2578 443 2632; x_wconf 85' lang='lat' dir='ltr'>Aeneas</span> <span class='ocrx_word' id='word_1_175' title='bbox 458 2574 604 2633; x_wconf 88' lang='lat' dir='ltr'>fumantes</span> <span class='ocrx_word' id='word_1_176' title='bbox 618 2575 738 2651; x_wconf 85' lang='lat' dir='ltr'>pulvere</span> <span class='ocrx_word' id='word_1_177' title='bbox 753 2593 868 2651; x_wconf 86' lang='lat' dir='ltr'>campos</span> 
     </span>
     <span class='ocr_line' id='line_1_29' title="bbox 182 2653 886 2735; baseline -0.004 -21"><span class='ocrx_word' id='word_1_178' title='bbox 182 2656 329 2735; x_wconf 82' lang='lat' dir='ltr'>prospexit</span> <span class='ocrx_word' id='word_1_179' title='bbox 343 2656 430 2730; x_wconf 88' lang='lat' dir='ltr'>longe</span> <span class='ocrx_word' id='word_1_180' title='bbox 445 2653 659 2732; x_wconf 85' lang='lat' dir='ltr'>Laurentiaque</span> <span class='ocrx_word' id='word_1_181' title='bbox 676 2655 790 2731; x_wconf 84' lang='lat' dir='ltr'>agmina</span> <span class='ocrx_word' id='word_1_182' title='bbox 803 2653 886 2723; x_wconf 92' lang='lat' dir='ltr'>vidit,</span> 
     </span>
    </p>

    <p class='ocr_par' dir='ltr' id='par_1_13' title="bbox 183 2733 1048 3198">
     <span class='ocr_line' id='line_1_30' title="bbox 184 2733 1048 2810; baseline -0.002 -16"><span class='ocrx_word' id='word_1_183' title='bbox 184 2751 213 2794; x_wconf 90' lang='lat' dir='ltr'>et</span> <span class='ocrx_word' id='word_1_184' title='bbox 228 2754 343 2794; x_wconf 88' lang='lat' dir='ltr'>saevum</span> <span class='ocrx_word' id='word_1_185' title='bbox 358 2736 480 2794; x_wconf 86' lang='lat' dir='ltr'>Aenean</span> <span class='ocrx_word' id='word_1_186' title='bbox 496 2735 632 2810; x_wconf 82' lang='lat' dir='ltr'>adgnovit</span> <span class='ocrx_word' id='word_1_187' title='bbox 647 2734 790 2794; x_wconf 90' lang='lat' dir='ltr'>Turnus</span> <span class='ocrx_word' id='word_1_188' title='bbox 781 2755 813 2792; x_wconf 91' lang='grc' dir='ltr'>ιιι</span> <span class='ocrx_word' id='word_1_189' title='bbox 828 2733 913 2793; x_wconf 88' lang='lat' dir='ltr'>armis</span> <span class='ocrx_word' id='word_1_190' title='bbox 1008 2762 1048 2804; x_wconf 79' lang='lat'>910</span> 
     </span>
     <span class='ocr_line' id='line_1_31' title="bbox 183 2814 968 2895; baseline -0.001 -22"><span class='ocrx_word' id='word_1_191' title='bbox 183 2817 398 2895; x_wconf 90' lang='lat' dir='ltr'>adventumque</span> <span class='ocrx_word' id='word_1_192' title='bbox 413 2815 522 2893; x_wconf 89' lang='lat' dir='ltr'>pedum</span> <span class='ocrx_word' id='word_1_193' title='bbox 537 2814 679 2894; x_wconf 86' lang='lat' dir='ltr'>flatusque</span> <span class='ocrx_word' id='word_1_194' title='bbox 694 2814 804 2875; x_wconf 90' lang='lat' dir='ltr'>audivit</span> <span class='ocrx_word' id='word_1_195' title='bbox 818 2833 968 2893; x_wconf 91' lang='lat' dir='ltr'>equorum.</span> 
     </span>
     <span class='ocr_line' id='line_1_32' title="bbox 183 2895 959 2974; baseline -0.001 -20"><span class='ocrx_word' id='word_1_196' title='bbox 183 2896 383 2974; x_wconf 90' lang='lat' dir='ltr'>continuoque</span> <span class='ocrx_word' id='word_1_197' title='bbox 398 2896 498 2954; x_wconf 90' lang='lat' dir='ltr'>ineant</span> <span class='ocrx_word' id='word_1_198' title='bbox 512 2915 621 2972; x_wconf 90' lang='lat' dir='ltr'>pugnas</span> <span class='ocrx_word' id='word_1_199' title='bbox 637 2911 667 2954; x_wconf 90' lang='lat' dir='ltr'>et</span> <span class='ocrx_word' id='word_1_200' title='bbox 681 2895 790 2974; x_wconf 91' lang='lat' dir='ltr'>proelia</span> <span class='ocrx_word' id='word_1_201' title='bbox 805 2910 959 2972; x_wconf 89' lang='lat' dir='ltr'>temptent,</span> 
     </span>
     <span class='ocr_line' id='line_1_33' title="bbox 184 2975 901 3051; baseline -0.003 -17"><span class='ocrx_word' id='word_1_202' title='bbox 184 2977 214 3034; x_wconf 89' lang='lat' dir='ltr'>ni</span> <span class='ocrx_word' id='word_1_203' title='bbox 229 2997 325 3035; x_wconf 84' lang='lat' dir='ltr'>roseus</span> <span class='ocrx_word' id='word_1_204' title='bbox 340 2976 451 3034; x_wconf 87' lang='lat' dir='ltr'>fessos</span> <span class='ocrx_word' id='word_1_205' title='bbox 443 2995 500 3034; x_wconf 82' lang='lat' dir='ltr'>tam</span> <span class='ocrx_word' id='word_1_206' title='bbox 514 2975 625 3051; x_wconf 87' lang='lat' dir='ltr'>gurgite</span> <span class='ocrx_word' id='word_1_207' title='bbox 642 2976 774 3035; x_wconf 90' lang='lat' dir='ltr'>Phoebus</span> <span class='ocrx_word' id='word_1_208' title='bbox 790 2975 901 3034; x_wconf 91' lang='lat' dir='ltr'>Hibero</span> 
     </span>
     <span class='ocr_line' id='line_1_34' title="bbox 184 3056 924 3135; baseline 0 -21"><span class='ocrx_word' id='word_1_209' title='bbox 184 3056 296 3133; x_wconf 85' lang='lat' dir='ltr'>tinguat</span> <span class='ocrx_word' id='word_1_210' title='bbox 310 3076 398 3135; x_wconf 90' lang='lat' dir='ltr'>equos</span> <span class='ocrx_word' id='word_1_211' title='bbox 412 3070 587 3134; x_wconf 89' lang='lat' dir='ltr'>noctemque</span> <span class='ocrx_word' id='word_1_212' title='bbox 602 3056 650 3115; x_wconf 88' lang='lat' dir='ltr'>die</span> <span class='ocrx_word' id='word_1_213' title='bbox 666 3057 782 3115; x_wconf 91' lang='lat' dir='ltr'>labente</span> <span class='ocrx_word' id='word_1_214' title='bbox 797 3057 924 3114; x_wconf 87' lang='lat' dir='ltr'>reducat.</span> 
     </span>
     <span class='ocr_line' id='line_1_35' title="bbox 183 3135 957 3198; baseline -0.003 0"><span class='ocrx_word' id='word_1_215' title='bbox 183 3137 338 3198; x_wconf 88' lang='lat' dir='ltr'>considunt</span> <span class='ocrx_word' id='word_1_216' title='bbox 352 3137 450 3196; x_wconf 88' lang='lat' dir='ltr'>castris</span> <span class='ocrx_word' id='word_1_217' title='bbox 465 3153 532 3196; x_wconf 92' lang='lat' dir='ltr'>ante</span> <span class='ocrx_word' id='word_1_218' title='bbox 548 3137 650 3196; x_wconf 85' lang='lat' dir='ltr'>urbem</span> <span class='ocrx_word' id='word_1_219' title='bbox 666 3152 695 3195; x_wconf 88' lang='lat' dir='ltr'>et</span> <span class='ocrx_word' id='word_1_220' title='bbox 708 3135 824 3196; x_wconf 89' lang='lat' dir='ltr'>moenia</span> <span class='ocrx_word' id='word_1_221' title='bbox 837 3136 957 3196; x_wconf 83' lang='lat' dir='ltr'>vallant.</span> 
     </span>
    </p>
   </div>
   <div class='ocr_carea' id='block_1_7' title="bbox 563 3242 695 3291">
    <p class='ocr_par' dir='ltr' id='par_1_14' title="bbox 563 3242 695 3291">
     <span class='ocr_line' id='line_1_36' title="bbox 563 3242 695 3291; baseline 0.008 -1"><span class='ocrx_word' id='word_1_222' title='bbox 563 3242 610 3290; x_wconf 83' lang='lat'>882</span> <span class='ocrx_word' id='word_1_223' title='bbox 627 3243 695 3291; x_wconf 83' lang='lat' dir='ltr'>intra.</span> 
     </span>
    </p>
   </div>
   <div class='ocr_carea' id='block_1_8' title="bbox 0 0 1286 4114">
    <p class='ocr_par' dir='ltr' id='par_1_15' title="bbox 0 0 1286 4114">
     <span class='ocr_line' id='line_1_37' title="bbox 0 0 1286 4114; baseline 0 0"><span class='ocrx_word' id='word_1_224' title='bbox 0 0 1286 4114; x_wconf 95' lang='lat' dir='ltr'> </span> 
     </span>
    </p>
   </div>
  </div>
 </body>
</html>
