2556 4116
428 383 629 433 croncrcou
643 359 709 435 irs.
725 387 739 434 1

167 536 235 591 ergo
250 515 327 573 inter
342 533 401 572 sese
415 514 532 592 paribus
547 535 717 575 concurrere
732 517 798 575 telis

166 599 319 656 Romanus¹
330 596 406 654 acies
421 596 528 653 iterum
541 596 639 654 videre
655 597 782 675 Philippi
796 623 805 670 3

166 699 223 736 nec
238 677 296 735 fuit
310 677 465 752 indignum
480 677 597 754 superis,
613 677 656 736 bis
671 679 810 754 sanguine
825 695 922 738 nostro

166 759 335 817 Emathiam
349 773 379 816 et
394 758 465 815 latos
481 757 589 817 Haemi
605 759 791 836 pinguescere
807 779 933 838 campos.

168 839 283 898 scilicet
298 854 327 897 et
342 853 457 916 tempus
472 839 580 912 veniet,
594 859 663 898 cum
679 839 784 899 linibus
799 841 857 898 illis
911 889 913 894 .

167 920 293 996 agricola
308 919 430 978 incurvo
445 934 550 979 terram
565 920 683 980 molitus
699 937 790 979 aratro

168 1021 254 1060 exesa
268 1001 400 1059 inveniet
414 1000 512 1060 scabra
525 1001 657 1077 robigine
671 1001 739 1080 pila,

168 1097 220 1141 aut
233 1081 365 1157 gravibus
380 1081 474 1140 rastris
489 1082 583 1157 galeas
596 1082 723 1158 pulsabit
738 1083 849 1156 inanes,

135 1193 139 1201 ·
167 1162 345 1240 grandiaque
360 1162 468 1220 effossis
483 1162 636 1221 mirabitur
651 1183 712 1221 ossa
727 1163 894 1241 sepulchris.

167 1243 198 1301 di
212 1243 309 1320 patrii,
326 1243 482 1318 Indigetes,
495 1258 524 1302 et
539 1243 665 1302 Romule
680 1244 828 1322 Vestaque
842 1261 943 1316 mater,

167 1345 244 1402 quae
260 1323 393 1382 Tuscum
409 1323 544 1382 Tiberim
560 1338 588 1382 et
604 1324 735 1382 Romana
752 1325 861 1383 Palatia
875 1345 977 1397 servas,

166 1407 248 1464 huuc
263 1405 365 1464 saltem
380 1425 478 1463 everso
492 1404 628 1462 iuvenem
644 1424 807 1463 succurrere
822 1405 915 1463 saeclo
1001 1433 1039 1472 500

166 1507 206 1544 ne
220 1485 384 1563 prohibete.
427 1485 491 1543 satis
506 1485 564 1544 iam
578 1485 691 1562 pridem
706 1486 845 1562 sauguine
860 1501 958 1544 nostro

166 1566 403 1626 Laomedonteae
419 1567 525 1624 luimus
539 1566 664 1644 periuria
680 1566 798 1640 Troiae,

166 1648 226 1705 iam
241 1647 354 1724 pridem
369 1647 452 1706 nobis
467 1647 541 1705 caeli
557 1662 585 1705 te
600 1646 687 1722 regia,
704 1649 819 1720 Caesar,

166 1727 292 1801 invidet,
308 1743 395 1806 atque
410 1728 564 1786 hominum
579 1727 712 1806 queritur
726 1748 827 1787 curare
841 1727 1013 1806 triumphos,

166 1809 278 1886 quippe
303 1809 353 1867 ubi
379 1809 421 1866 fas
443 1829 556 1868 versum
578 1824 666 1887 atque
689 1808 770 1867 nefas
783 1823 862 1879 ;.tot
886 1809 963 1867 bella
986 1829 1039 1887 per

250 1890 360 1962 orbem,

167 1984 229 2029 tam
243 1972 354 2029 multae
369 1971 509 2029 scelerum
525 1970 613 2030 facies
626 1995 636 2042 ;
658 1991 718 2028 non
734 1971 811 2030 ullus
825 1986 918 2029 aratro

167 2052 273 2128 dignus
287 2053 400 2122 h0n0s;
423 2051 555 2130 squalent
570 2052 701 2111 abductis
717 2073 782 2111 arva
797 2053 918 2125 colonis,

168 2147 198 2190 et
214 2153 319 2191 curvae
333 2132 458 2208 rigidum
474 2133 562 2190 falces
577 2132 743 2192 conflantur
757 2134 788 2192 in
804 2154 913 2192 ensem.

166 2213 239 2272 hinc
254 2229 353 2272 movet
368 2214 536 2290 Euphrates,
552 2213 636 2271 illinc
652 2215 812 2273 Germania
828 2214 959 2286 bellum;

167 2293 282 2352 vicinae
297 2294 388 2371 ruptis
403 2294 480 2352 inter
494 2315 523 2352 se
537 2294 649 2371 legibus
664 2294 748 2352 urbes
1001 2321 1039 2361 μα

169 2395 247 2432 arma
262 2375 381 2445 ferunt;
402 2374 493 2433 saevit
508 2389 569 2433 toto
585 2375 664 2432 Mars
680 2374 777 2452 inpius
792 2375 861 2433 orbe
876 2397 883 2433 ε

170 2469 203 2512 ut
217 2474 284 2512 cum
298 2455 460 2514 carceribus
476 2475 536 2513 sese
551 2455 679 2513 effudere
695 2455 860 2533 quadrigae,

169 2534 282 2593 addunt
296 2535 328 2593 in
343 2535 442 2612 spatia,
458 2549 489 2594 et
502 2536 606 2594 frustra
621 2535 782 2594 retinacula
798 2535 920 2594 tendens

170 2615 261 2674 fertur
275 2615 356 2693 equis
371 2616 477 2692 auriga,
492 2635 587 2694 neque
603 2617 683 2675 audit
697 2637 797 2675 currus
811 2617 949 2675 habenas.

245 2761 291 2809 491
311 2747 394 2810 superi.
462 2757 507 2812 513
526 2749 613 2796 addunt
624 2748 713 2812 spatla3
746 2747 924 2812 adduntspatio.
