2562 4114
503 1207 627 1268 LIBER
649 1206 909 1268 UNDECIMUS

297 1392 471 1452 Ocssuun
463 1408 573 1451 interea
587 1411 704 1468 surgens
718 1393 828 1450 Aurora
841 1391 967 1469 reliquit.

295 1476 417 1542 Aeneas,
433 1493 607 1551 quamquam
623 1490 653 1531 et
666 1472 750 1532 sociis
763 1473 828 1531 dare
843 1487 955 1550 tempus
969 1473 1128 1532 humandis

295 1553 486 1633 praecipitant
501 1573 585 1611 curae
602 1553 770 1632 turbataque
785 1553 886 1612 funere
901 1572 982 1611 mens
996 1569 1048 1625 est,

294 1649 361 1694 vote
375 1634 463 1693 deum
479 1632 572 1710 primo
586 1633 678 1692 victor
693 1634 819 1693 solvebat
834 1633 904 1694 Eoo.

295 1715 445 1791 ingentem
462 1733 601 1793 quercum
616 1714 718 1773 decisis
733 1714 860 1793 undique
874 1716 957 1774 ramis

295 1796 446 1856 constituit
464 1796 587 1868 tumulo,
602 1795 797 1874 fulgentiaque
813 1795 908 1854 induit
922 1815 1006 1867 arma,

297 1877 429 1938 Mezenti
446 1877 527 1935 ducis
544 1875 668 1948 exuvias,
684 1876 747 1948 tibi,
761 1896 873 1952 magne,
889 1893 1047 1954 tropaeum,

296 1957 474 2036 Bellipotens
489 1981 499 2028 3
522 1974 599 2036 aptat
613 1973 737 2016 rorantes
752 1956 889 2034 sanguine
904 1958 998 2016 cristas

296 2039 410 2117 telaque
426 2055 529 2098 trunca
544 2037 598 2096 viri
615 2054 644 2096 et
659 2037 762 2096 bissex
779 2040 894 2098 thoraca
907 2038 1031 2116 petitum

295 2119 510 2197 perfossumque
528 2119 607 2188 locis,
625 2119 808 2197 clipeumque
823 2139 858 2176 ex
872 2139 936 2177 aere
951 2118 1081 2178 sinistrae
1136 2149 1158 2177 ιο

295 2199 425 2275 subligat,
442 2214 527 2278 atque
545 2220 644 2258 ensem
659 2200 736 2257 collo
750 2200 898 2275 suspendit
912 2200 1064 2258 eburnum.

295 2296 356 2341 tum
371 2280 473 2351 socios,
490 2300 616 2359 namque
632 2280 724 2338 omnis
739 2299 805 2337 eum
821 2280 922 2358 stipata
936 2280 1050 2356 tegebat

294 2361 376 2419 turba
389 2361 509 2432 ducum,
526 2362 565 2420 sic
583 2361 739 2454 incipiens.
740 2361 870 2420 hortatur
884 2377 1000 2420 ovantes
1014 2382 1021 2418 ι

276 2441 417 2500 ‘maxima
432 2463 475 2500 res
492 2442 647 2514 effecta'
620 2441 697 2511 vrri,
719 2457 805 2500 timor
817 2462 911 2500 omnis
925 2443 1031 2510 abesto,
1120 2503 1128 2510 ,

294 2522 371 2600 quod
385 2539 536 2599 superest,
560 2525 630 2582 haec
648 2539 715 2581 sunt
729 2522 828 2599 spolia,
843 2539 871 2582 et
885 2523 921 2581 de
936 2542 1002 2599 rege
1016 2522 1141 2600 superbo

294 2602 446 2678 primitiae,
463 2602 655 2682 manibusque
671 2602 742 2661 meis
757 2603 923 2662 Mezentius
937 2603 985 2662 hic
1001 2619 1051 2662 est.

294 2703 373 2742 nunc
388 2684 442 2742 iter
457 2684 493 2741 ad
509 2703 606 2777 regem
623 2684 705 2743 nobis
720 2705 872 2763 murosque
886 2684 1014 2744 Latinos.

293 2783 369 2822 arma
383 2779 479 2841 parate
496 2764 608 2858 animis,
624 2781 654 2824 et
668 2786 717 2843 spe
731 2766 902 2845 praesumite
918 2765 1039 2835 bellum,

294 2864 401 2923 nequa
417 2865 497 2904 mora
513 2845 633 2938 ignaros,
651 2846 700 2904 ubi
715 2846 840 2923 primum
855 2845 995 2904 vellere
976 2865 1054 2921 signa

294 2923 447 2984 adnuerint
464 2925 557 3002 superi
574 2927 738 3005 pubemque
753 2927 875 2986 educere
890 2926 996 2997 castris,

293 3004 431 3080 inpediat,
449 3007 577 3082 segnisve
593 3024 671 3066 metu
687 3007 830 3066 sententia
845 3009 945 3066 tardet.

294 3083 402 3142 interea
418 3087 508 3145 socios
524 3087 731 3166 inhumataque
747 3107 865 3166 corpora
880 3104 969 3147 terrae

294 3165 473 3276 mandemus,
490 3189 540 3260 qui
532 3167 629 3226 solus
644 3170 735 3226 honos
749 3170 916 3228 Acheronte
931 3167 1005 3226 sub
997 3187 1059 3225 rmo
1073 3183 1125 3226 est

294 3241 352 3312 ite,'
367 3243 439 3315 ait,‘
449 3247 572 3321 egregias
586 3248 702 3318 animas,
718 3269 791 3326 quae
805 3249 944 3325 sanguine
960 3248 1041 3306 nobis

292 3323 369 3386 ¹hanc
385 3324 504 3399 patriam
518 3347 654 3404 peperere
669 3349 728 3400 suo,
744 3329 877 3389 decorate
892 3328 1030 3408 supremis

525 3432 553 3480 21
573 3421 698 3485 segnisque.
733 3434 763 3484 23
781 3421 841 3469 sub
834 3437 891 3471 uno
