2556 4116
394 343 581 391 sueones:
599 344 670 392 ECL.
687 345 698 391 I
773 394 775 399 ,

140 471 283 549 Hyblaeis
298 470 399 549 apibus
413 471 513 529 florem
528 471 645 550 depasta
659 473 751 533 salicti

138 573 224 630 saepe
239 552 297 611 levi
313 572 446 611 somnum
461 553 592 611 suadebit
606 553 679 613 inire
694 575 824 616 susurro:

137 634 208 692 hinc
224 634 282 691 alta
296 634 348 691 sub
363 653 433 711 rupe
449 648 533 699 canet
548 634 695 694 frondator
708 637 745 694 ad
759 656 836 694 auras
850 661 859 707 3

139 735 194 773 nec
209 730 308 773 tamen
324 714 435 772 interea
448 735 559 788 raucae,
576 731 624 774 tua
639 737 716 790 cura,
730 718 880 794 palumbes

139 815 195 854 nec
210 815 324 870 gemere
340 795 413 854 aeria
429 795 550 853 cessabit
564 811 657 855 turtur
671 798 706 856 ab
722 799 812 857 ulmo.

185 877 218 935 Τ
240 892 307 935 ante
322 877 400 935 leves
416 897 481 952 ergo
495 894 650 954 pascentur
663 879 694 935 in
710 899 834 957 aequore
850 878 936 952 cervi,

140 973 169 1016 et
183 957 254 1016 freta
269 956 429 1016 destituent
443 956 558 1016 nudos'
550 979 581 1016 rn
597 959 726 1018 litore'
697 979 813 1036 praces-
805 1003 813 1028 ,
982 977 1009 1018 ⁶0

139 1053 207 1096 ante
220 1039 370 1116 pererratis
385 1039 534 1096 amborum
550 1039 655 1098 finibus
670 1041 749 1098 exsul

139 1135 188 1177 aut
202 1119 316 1177 Ararim
332 1119 452 1177 Parthus
466 1120 547 1178 bibet
562 1137 610 1178 aut
626 1121 783 1179 Germania
799 1121 924 1196 Tigrim,

139 1220 226 1278 quam
242 1216 338 1258 nostro
353 1200 431 1258 illius
445 1201 558 1259 labatur
572 1216 691 1278 pectore
705 1203 810 1262 vultus.

182 1281 227 1341 M.
249 1297 278 1338 at
293 1301 344 1338 nos
358 1281 427 1339 hinc
443 1281 492 1340 alii
509 1281 639 1341 sitientes
654 1282 760 1341 ibimus
773 1284 869 1354 Afros,

138 1381 202 1439 pars
217 1361 366 1438 Scythiam
382 1377 410 1420 et
424 1362 557 1440 rapidum
573 1380 668 1422 cretae
682 1364 833 1424 veniemus
847 1363 953 1428 Oaxen

140 1459 169 1502 et
183 1443 298 1520 penitus
314 1458 376 1501 toto
389 1443 494 1502 divisos
510 1444 578 1502 orbe
595 1444 758 1504 Britannos.

140 1543 328 1603 enumquam
343 1524 448 1601 patrios
464 1526 551 1599 longo
566 1541 631 1602 post
646 1541 775 1602 tempore
790 1526 871 1598 fines,

137 1605 270 1682 pauperis
285 1620 314 1663 et
328 1605 424 1680 tuguri
439 1620 609 1680 congestum
625 1607 751 1685 caespite
766 1608 884 1666 culmen

137 1701 201 1763 post
215 1686 335 1764 aliquot,
351 1705 416 1744 mea
430 1707 516 1762 regna
532 1687 641 1758 videns,
658 1688 784 1747 mirabor
798 1687 916 1746 aristas?

137 1767 234 1844 inpius
249 1768 320 1825 haec
334 1783 394 1826 tam
409 1768 488 1826 culta
502 1768 616 1826 novalia
632 1769 714 1826 miles
729 1768 870 1827 habebit?

30 1839 43 1896 i
61 1861 73 1896 s
137 1848 271 1906 barbarus
286 1849 335 1906 has
349 1853 480 1923 segetes?
502 1869 538 1907 en
554 1869 613 1926 quo
628 1849 769 1907 discordia
783 1849 861 1908 cives

135 1928 274 2021 produxit
288 1928 424 1989 miseros!
448 1929 492 1988 his
508 1950 559 1988 nos
575 1930 757 1989 consevimus
772 1930 869 2005 agros!

137 2009 228 2068 insere
244 2029 334 2080 nunc,
350 2011 510 2080 Meliboee,
526 2011 627 2088 piros;
648 2030 725 2088 pone
740 2011 841 2069 ordine
855 2011 937 2072 vites.

136 2089 177 2148 ite
192 2111 286 2162 meae,
300 2089 380 2149 felix
386 2092 532 2170 quondam
547 2112 646 2169 pecus,
662 2091 701 2150 ite
717 2092 857 2170 capellae.

138 2192 197 2229 non
213 2192 265 2247 ego
279 2193 328 2230 vos
343 2175 462 2250 posthac
478 2172 562 2230 viridi
578 2172 724 2249 proiectus
737 2172 769 2231 in
784 2189 866 2232 antro

138 2251 257 2310 dumosa
270 2253 397 2330 pendere
413 2254 513 2331 procul
529 2253 566 2311 de
581 2274 651 2330 rupe
666 2253 793 2322 videbo;
859 2287 861 2290 ·

138 2333 264 2392 carmina
279 2335 359 2392 nulla
374 2355 497 2402 canam;
520 2355 588 2406 non,
604 2353 651 2392 me
665 2349 812 2411 pascente,
826 2334 966 2412 capellae,

137 2413 288 2474 florentem
303 2415 428 2492 cytisum
444 2431 473 2472 et
487 2415 587 2472 salices
602 2414 726 2491 carpetis
740 2434 856 2474 amaras.

182 2495 216 2555 Τ.
243 2495 293 2554 hic
321 2511 417 2554 tamen
446 2497 520 2554 hanc
545 2515 662 2554 mecum
686 2510 799 2572 poteras
826 2495 1004 2573 requiescere

218 2591 335 2634 noctem

137 2657 238 2715 fronde
253 2678 337 2734 super
351 2657 457 2716 viridi:
478 2673 545 2716 sunt
559 2657 640 2716 nobis
655 2656 738 2716 mitia
752 2675 847 2736 poma,
980 2673 1006 2715 so

137 2753 285 2798 castaneae
300 2739 403 2818 molles
419 2754 449 2797 et
462 2737 549 2815 pressi
564 2739 648 2816 copia
662 2738 765 2808 lactis3

138 2833 167 2876 et
181 2818 239 2876 iam
255 2813 365 2878 summa
379 2819 481 2896 procul
496 2819 630 2878 villarum
645 2819 774 2878 culmina
789 2819 912 2892 fumant,

136 2899 314 2978 maioresque
329 2900 438 2959 cadunt
452 2900 517 2958 altis
531 2901 567 2958 de
581 2900 729 2959 montibus
744 2901 871 2960 umbrae.

481 3033 510 3094 65
529 3033 619 3080 Cretae.
