<?xml version="1.0" encoding="UTF-8"?>
<!DOCTYPE html PUBLIC "-//W3C//DTD XHTML 1.0 Transitional//EN"
    "http://www.w3.org/TR/xhtml1/DTD/xhtml1-transitional.dtd">
<html xmlns="http://www.w3.org/1999/xhtml" xml:lang="en" lang="en">
 <head>
  <title>
</title>
<meta http-equiv="Content-Type" content="text/html;charset=utf-8" />
  <meta name='ocr-system' content='tesseract 3.04.00' />
  <meta name='ocr-capabilities' content='ocr_page ocr_carea ocr_par ocr_line ocrx_word'/>
</head>
<body>
  <div class='ocr_page' id='page_1' title='image "./bucolicageorgic05virggoog/bucolicageorgic05virggoog_0308.png"; bbox 0 0 2562 4114; ppageno 0'>
   <div class='ocr_carea' id='block_1_1' title="bbox 454 379 1059 446">
    <p class='ocr_par' dir='ltr' id='par_1_1' title="bbox 454 379 1059 446">
     <span class='ocr_line' id='line_1_1' title="bbox 454 379 1059 446; baseline 0.003 -18"><span class='ocrx_word' id='word_1_1' title='bbox 454 379 759 430; x_wconf 62' lang='lat' dir='ltr'>launomarum</span> <span class='ocrx_word' id='word_1_2' title='bbox 968 401 974 408; x_wconf 91' lang='lat'>·</span> <span class='ocrx_word' id='word_1_3' title='bbox 1013 381 1059 446; x_wconf 77' lang='lat'>283</span> 
     </span>
    </p>
   </div>
   <div class='ocr_carea' id='block_1_2' title="bbox 173 510 1062 3408">
    <p class='ocr_par' dir='ltr' id='par_1_2' title="bbox 193 510 880 590">
     <span class='ocr_line' id='line_1_2' title="bbox 193 510 880 590; baseline -0.001 -19"><span class='ocrx_word' id='word_1_4' title='bbox 193 532 313 590; x_wconf 90' lang='lat' dir='ltr'>corpora</span> <span class='ocrx_word' id='word_1_5' title='bbox 327 512 390 571; x_wconf 87' lang='lat' dir='ltr'>fusa</span> <span class='ocrx_word' id='word_1_6' title='bbox 404 510 515 585; x_wconf 84' lang='lat' dir='ltr'>vident,</span> <span class='ocrx_word' id='word_1_7' title='bbox 531 527 656 571; x_wconf 87' lang='lat' dir='ltr'>arrectos</span> <span class='ocrx_word' id='word_1_8' title='bbox 670 512 756 571; x_wconf 84' lang='lat' dir='ltr'>litore</span> <span class='ocrx_word' id='word_1_9' title='bbox 771 532 880 586; x_wconf 87' lang='lat' dir='ltr'>currus,</span> 
     </span>
    </p>

    <p class='ocr_par' dir='ltr' id='par_1_3' title="bbox 193 591 901 672">
     <span class='ocr_line' id='line_1_3' title="bbox 193 591 901 672; baseline 0.003 -21"><span class='ocrx_word' id='word_1_10' title='bbox 193 593 271 651; x_wconf 88' lang='lat' dir='ltr'>inter</span> <span class='ocrx_word' id='word_1_11' title='bbox 285 594 345 652; x_wconf 89' lang='lat' dir='ltr'>lora</span> <span class='ocrx_word' id='word_1_12' title='bbox 359 607 492 672; x_wconf 86' lang='lat' dir='ltr'>rotasque</span> <span class='ocrx_word' id='word_1_13' title='bbox 506 591 590 665; x_wconf 88' lang='lat' dir='ltr'>viros,</span> <span class='ocrx_word' id='word_1_14' title='bbox 605 593 690 652; x_wconf 85' lang='lat' dir='ltr'>simul</span> <span class='ocrx_word' id='word_1_15' title='bbox 705 613 783 652; x_wconf 87' lang='lat' dir='ltr'>arma</span> <span class='ocrx_word' id='word_1_16' title='bbox 797 593 901 668; x_wconf 87' lang='lat' dir='ltr'>iacere,</span> 
     </span>
    </p>

    <p class='ocr_par' dir='ltr' id='par_1_4' title="bbox 173 673 1062 915">
     <span class='ocr_line' id='line_1_4' title="bbox 193 673 955 753; baseline 0.003 -21"><span class='ocrx_word' id='word_1_17' title='bbox 193 673 261 732; x_wconf 87' lang='lat' dir='ltr'>vina</span> <span class='ocrx_word' id='word_1_18' title='bbox 277 673 372 733; x_wconf 91' lang='lat' dir='ltr'>simul.</span> <span class='ocrx_word' id='word_1_19' title='bbox 413 673 493 753; x_wconf 89' lang='lat' dir='ltr'>prior</span> <span class='ocrx_word' id='word_1_20' title='bbox 507 673 683 751; x_wconf 83' lang='lat' dir='ltr'>Hyrtacides</span> <span class='ocrx_word' id='word_1_21' title='bbox 698 673 739 733; x_wconf 88' lang='lat' dir='ltr'>sic</span> <span class='ocrx_word' id='word_1_22' title='bbox 755 695 805 733; x_wconf 90' lang='lat' dir='ltr'>ore</span> <span class='ocrx_word' id='word_1_23' title='bbox 819 674 955 734; x_wconf 84' lang='lat' dir='ltr'>locutus:</span> 
     </span>
     <span class='ocr_line' id='line_1_5' title="bbox 173 754 1062 833; baseline 0.003 -21"><span class='ocrx_word' id='word_1_24' title='bbox 173 761 181 787; x_wconf 90' lang='lat'>‘</span> <span class='ocrx_word' id='word_1_25' title='bbox 194 755 328 833; x_wconf 83' lang='lat' dir='ltr'>Euryale,</span> <span class='ocrx_word' id='word_1_26' title='bbox 343 755 511 814; x_wconf 89' lang='lat' dir='ltr'>audendum</span> <span class='ocrx_word' id='word_1_27' title='bbox 526 754 648 827; x_wconf 73' lang='lat' dir='ltr'>dextra,</span> <span class='ocrx_word' id='word_1_28' title='bbox 670 775 750 814; x_wconf 87' lang='lat' dir='ltr'>nunc</span> <span class='ocrx_word' id='word_1_29' title='bbox 765 755 825 833; x_wconf 90' lang='lat' dir='ltr'>ipsa</span> <span class='ocrx_word' id='word_1_30' title='bbox 839 770 925 815; x_wconf 86' lang='lat' dir='ltr'>vocat</span> <span class='ocrx_word' id='word_1_31' title='bbox 939 777 993 815; x_wconf 89' lang='lat' dir='ltr'>res.</span> <span class='ocrx_word' id='word_1_32' title='bbox 1024 787 1062 825; x_wconf 60' lang='grc' dir='ltr'>μα</span> 
     </span>
     <span class='ocr_line' id='line_1_6' title="bbox 193 835 1007 915; baseline 0.001 -21"><span class='ocrx_word' id='word_1_33' title='bbox 193 836 248 895; x_wconf 87' lang='lat' dir='ltr'>hac</span> <span class='ocrx_word' id='word_1_34' title='bbox 264 835 320 894; x_wconf 90' lang='lat' dir='ltr'>iter</span> <span class='ocrx_word' id='word_1_35' title='bbox 334 851 386 896; x_wconf 87' lang='lat' dir='ltr'>est.</span> <span class='ocrx_word' id='word_1_36' title='bbox 430 850 470 909; x_wconf 91' lang='lat' dir='ltr'>tu,</span> <span class='ocrx_word' id='word_1_37' title='bbox 486 856 596 915; x_wconf 84' lang='lat' dir='ltr'>nequa</span> <span class='ocrx_word' id='word_1_38' title='bbox 611 856 713 895; x_wconf 86' lang='lat' dir='ltr'>manus</span> <span class='ocrx_word' id='word_1_39' title='bbox 729 857 759 894; x_wconf 86' lang='lat' dir='ltr'>ae</span> <span class='ocrx_word' id='word_1_40' title='bbox 774 836 909 895; x_wconf 78' lang='lat' dir='ltr'><strong>attollere</strong></span> <span class='ocrx_word' id='word_1_41' title='bbox 923 837 1007 895; x_wconf 83' lang='lat' dir='ltr'>nobis</span> 
     </span>
    </p>

    <p class='ocr_par' dir='ltr' id='par_1_5' title="bbox 193 916 852 995">
     <span class='ocr_line' id='line_1_7' title="bbox 193 916 852 995; baseline 0 -20"><span class='ocrx_word' id='word_1_42' title='bbox 193 938 209 975; x_wconf 86' lang='lat' dir='ltr'>a</span> <span class='ocrx_word' id='word_1_43' title='bbox 224 931 304 993; x_wconf 87' lang='lat' dir='ltr'>tergo</span> <span class='ocrx_word' id='word_1_44' title='bbox 317 916 417 995; x_wconf 88' lang='lat' dir='ltr'>possit,</span> <span class='ocrx_word' id='word_1_45' title='bbox 432 917 546 976; x_wconf 85' lang='lat' dir='ltr'>custodi</span> <span class='ocrx_word' id='word_1_46' title='bbox 563 931 592 976; x_wconf 91' lang='lat' dir='ltr'>et</span> <span class='ocrx_word' id='word_1_47' title='bbox 607 917 727 976; x_wconf 85' lang='lat' dir='ltr'>consule</span> <span class='ocrx_word' id='word_1_48' title='bbox 742 917 852 993; x_wconf 87' lang='lat' dir='ltr'>longe;</span> 
     </span>
    </p>

    <p class='ocr_par' dir='ltr' id='par_1_6' title="bbox 191 997 929 1073">
     <span class='ocr_line' id='line_1_8' title="bbox 191 997 929 1073; baseline 0.001 -18"><span class='ocrx_word' id='word_1_49' title='bbox 191 999 264 1056; x_wconf 90' lang='lat' dir='ltr'>haec</span> <span class='ocrx_word' id='word_1_50' title='bbox 280 1017 332 1073; x_wconf 88' lang='lat' dir='ltr'>ego</span> <span class='ocrx_word' id='word_1_51' title='bbox 346 1014 425 1056; x_wconf 87' lang='lat' dir='ltr'>vasta</span> <span class='ocrx_word' id='word_1_52' title='bbox 440 998 515 1056; x_wconf 85' lang='lat' dir='ltr'>dabo</span> <span class='ocrx_word' id='word_1_53' title='bbox 530 1015 559 1057; x_wconf 89' lang='lat' dir='ltr'>et</span> <span class='ocrx_word' id='word_1_54' title='bbox 574 998 633 1057; x_wconf 90' lang='lat' dir='ltr'>lato</span> <span class='ocrx_word' id='word_1_55' title='bbox 649 1012 679 1057; x_wconf 90' lang='lat' dir='ltr'>te</span> <span class='ocrx_word' id='word_1_56' title='bbox 693 997 788 1056; x_wconf 91' lang='lat' dir='ltr'>limite</span> <span class='ocrx_word' id='word_1_57' title='bbox 804 997 929 1056; x_wconf 63' lang='lat' dir='ltr'>ducam?</span> 
     </span>
    </p>

    <p class='ocr_par' dir='ltr' id='par_1_7' title="bbox 191 1077 1061 1318">
     <span class='ocr_line' id='line_1_9' title="bbox 191 1077 1061 1172; baseline 0.002 -37"><span class='ocrx_word' id='word_1_58' title='bbox 191 1077 232 1136; x_wconf 85' lang='lat' dir='ltr'>sic</span> <span class='ocrx_word' id='word_1_59' title='bbox 243 1093 385 1137; x_wconf 88' lang='lat' dir='ltr'>memorat</span> <span class='ocrx_word' id='word_1_60' title='bbox 399 1098 560 1156; x_wconf 89' lang='lat' dir='ltr'>vocemque</span> <span class='ocrx_word' id='word_1_61' title='bbox 570 1079 701 1172; x_wconf 89' lang='lat' dir='ltr'>premit,</span> <span class='ocrx_word' id='word_1_62' title='bbox 723 1078 807 1136; x_wconf 88' lang='lat' dir='ltr'>simul</span> <span class='ocrx_word' id='word_1_63' title='bbox 825 1099 893 1136; x_wconf 89' lang='lat' dir='ltr'>ense</span> <span class='ocrx_word' id='word_1_64' title='bbox 905 1079 1061 1156; x_wconf 86' lang='lat' dir='ltr'>superbum</span> 
     </span>
     <span class='ocr_line' id='line_1_10' title="bbox 192 1158 975 1239; baseline 0.001 -23"><span class='ocrx_word' id='word_1_65' title='bbox 192 1158 389 1218; x_wconf 85' lang='lat' dir='ltr'>Rhamnetem</span> <span class='ocrx_word' id='word_1_66' title='bbox 404 1158 577 1234; x_wconf 84' lang='lat' dir='ltr'>adgreditur,</span> <span class='ocrx_word' id='word_1_67' title='bbox 594 1179 643 1239; x_wconf 84' lang='lat' dir='ltr'>qur</span> <span class='ocrx_word' id='word_1_68' title='bbox 636 1159 735 1218; x_wconf 88' lang='lat' dir='ltr'>&#39;forte</span> <span class='ocrx_word' id='word_1_69' title='bbox 749 1158 894 1236; x_wconf 83' lang='lat' dir='ltr'>tapetibus</span> <span class='ocrx_word' id='word_1_70' title='bbox 909 1158 975 1218; x_wconf 87' lang='lat' dir='ltr'>altis</span> 
     </span>
     <span class='ocr_line' id='line_1_11' title="bbox 193 1238 880 1331; baseline 0 -34"><span class='ocrx_word' id='word_1_71' title='bbox 193 1255 353 1298; x_wconf 82' lang='lat' dir='ltr'>exstructus</span> <span class='ocrx_word' id='word_1_72' title='bbox 369 1254 430 1298; x_wconf 91' lang='lat' dir='ltr'>toto</span> <span class='ocrx_word' id='word_1_73' title='bbox 444 1238 586 1331; x_wconf 85' lang='lat' dir='ltr'>proflabat</span> <span class='ocrx_word' id='word_1_74' title='bbox 600 1254 721 1318; x_wconf 89' lang='lat' dir='ltr'>pectore</span> <span class='ocrx_word' id='word_1_75' title='bbox 736 1259 880 1311; x_wconf 89' lang='lat' dir='ltr'>somnum,</span> 
     </span>
    </p>

    <p class='ocr_par' dir='ltr' id='par_1_8' title="bbox 192 1318 890 1414">
     <span class='ocr_line' id='line_1_12' title="bbox 192 1318 890 1414; baseline 0.001 -37"><span class='ocrx_word' id='word_1_76' title='bbox 192 1339 242 1378; x_wconf 84' lang='lat' dir='ltr'>rex</span> <span class='ocrx_word' id='word_1_77' title='bbox 257 1319 336 1378; x_wconf 88' lang='lat' dir='ltr'>idem</span> <span class='ocrx_word' id='word_1_78' title='bbox 352 1335 381 1379; x_wconf 91' lang='lat' dir='ltr'>et</span> <span class='ocrx_word' id='word_1_79' title='bbox 396 1339 454 1414; x_wconf 75' lang='lat' dir='ltr'>regi</span> <span class='ocrx_word' id='word_1_80' title='bbox 447 1318 575 1378; x_wconf 90' lang='lat' dir='ltr'>Turno</span> <span class='ocrx_word' id='word_1_81' title='bbox 590 1319 766 1397; x_wconf 81' lang='lat' dir='ltr'>gratissimus</span> <span class='ocrx_word' id='word_1_82' title='bbox 780 1340 890 1396; x_wconf 81' lang='lat' dir='ltr'>augur3</span> 
     </span>
    </p>

    <p class='ocr_par' dir='ltr' id='par_1_9' title="bbox 191 1399 864 1480">
     <span class='ocr_line' id='line_1_13' title="bbox 191 1399 864 1480; baseline 0 -22"><span class='ocrx_word' id='word_1_83' title='bbox 191 1401 242 1458; x_wconf 85' lang='lat' dir='ltr'>sed</span> <span class='ocrx_word' id='word_1_84' title='bbox 257 1419 317 1458; x_wconf 90' lang='lat' dir='ltr'>non</span> <span class='ocrx_word' id='word_1_85' title='bbox 332 1400 451 1476; x_wconf 85' lang='lat' dir='ltr'>augurio</span> <span class='ocrx_word' id='word_1_86' title='bbox 465 1401 563 1480; x_wconf 88' lang='lat' dir='ltr'>potuit</span> <span class='ocrx_word' id='word_1_87' title='bbox 577 1399 727 1478; x_wconf 84' lang='lat' dir='ltr'>depellere</span> <span class='ocrx_word' id='word_1_88' title='bbox 741 1415 864 1479; x_wconf 87' lang='lat' dir='ltr'>pestem.</span> 
     </span>
    </p>

    <p class='ocr_par' dir='ltr' id='par_1_10' title="bbox 182 1481 1062 1720">
     <span class='ocr_line' id='line_1_14' title="bbox 192 1481 919 1540; baseline 0.003 -2"><span class='ocrx_word' id='word_1_89' title='bbox 192 1495 250 1539; x_wconf 86' lang='lat' dir='ltr'>tres</span> <span class='ocrx_word' id='word_1_90' title='bbox 263 1481 343 1540; x_wconf 86' lang='lat' dir='ltr'>iuxta</span> <span class='ocrx_word' id='word_1_91' title='bbox 359 1481 483 1540; x_wconf 85' lang='lat' dir='ltr'>famulos</span> <span class='ocrx_word' id='word_1_92' title='bbox 498 1495 609 1540; x_wconf 87' lang='lat' dir='ltr'>temere</span> <span class='ocrx_word' id='word_1_93' title='bbox 624 1481 702 1539; x_wconf 89' lang='lat' dir='ltr'>inter</span> <span class='ocrx_word' id='word_1_94' title='bbox 717 1482 775 1539; x_wconf 88' lang='lat' dir='ltr'>tela</span> <span class='ocrx_word' id='word_1_95' title='bbox 790 1481 919 1540; x_wconf 85' lang='lat' dir='ltr'>iacentes</span> 
     </span>
     <span class='ocr_line' id='line_1_15' title="bbox 191 1560 1062 1655; baseline 0.002 -36"><span class='ocrx_word' id='word_1_96' title='bbox 191 1560 421 1655; x_wconf 81' lang='lat' dir='ltr'>armigerumque</span> <span class='ocrx_word' id='word_1_97' title='bbox 436 1561 522 1619; x_wconf 90' lang='lat' dir='ltr'>Remi</span> <span class='ocrx_word' id='word_1_98' title='bbox 538 1561 647 1640; x_wconf 87' lang='lat' dir='ltr'>premit</span> <span class='ocrx_word' id='word_1_99' title='bbox 662 1561 848 1640; x_wconf 85' lang='lat' dir='ltr'>aurigamque</span> <span class='ocrx_word' id='word_1_100' title='bbox 863 1562 916 1621; x_wconf 87' lang='lat' dir='ltr'>sub</span> <span class='ocrx_word' id='word_1_101' title='bbox 930 1560 1000 1640; x_wconf 87' lang='lat' dir='ltr'>ipsis</span> <span class='ocrx_word' id='word_1_102' title='bbox 1023 1592 1062 1632; x_wconf 75' lang='lat'>330</span> 
     </span>
     <span class='ocr_line' id='line_1_16' title="bbox 182 1641 930 1720; baseline 0.001 -20"><span class='ocrx_word' id='word_1_103' title='bbox 182 1657 293 1700; x_wconf 84' lang='lat' dir='ltr'>nactus</span> <span class='ocrx_word' id='word_1_104' title='bbox 309 1642 398 1720; x_wconf 87' lang='lat' dir='ltr'>equis,</span> <span class='ocrx_word' id='word_1_105' title='bbox 413 1641 550 1720; x_wconf 87' lang='lat' dir='ltr'>ferroque</span> <span class='ocrx_word' id='word_1_106' title='bbox 565 1658 643 1701; x_wconf 81' lang='lat' dir='ltr'>secat</span> <span class='ocrx_word' id='word_1_107' title='bbox 656 1642 819 1720; x_wconf 87' lang='lat' dir='ltr'>pendentia</span> <span class='ocrx_word' id='word_1_108' title='bbox 832 1643 930 1714; x_wconf 89' lang='lat' dir='ltr'>colla;</span> 
     </span>
    </p>

    <p class='ocr_par' dir='ltr' id='par_1_11' title="bbox 191 1721 1041 1880">
     <span class='ocr_line' id='line_1_17' title="bbox 192 1721 1041 1802; baseline 0 -21"><span class='ocrx_word' id='word_1_109' title='bbox 192 1737 255 1782; x_wconf 89' lang='lat' dir='ltr'>tum</span> <span class='ocrx_word' id='word_1_110' title='bbox 269 1738 357 1802; x_wconf 90' lang='lat' dir='ltr'>caput</span> <span class='ocrx_word' id='word_1_111' title='bbox 371 1722 425 1800; x_wconf 89' lang='lat' dir='ltr'>ipsr</span> <span class='ocrx_word' id='word_1_112' title='bbox 417 1721 537 1782; x_wconf 88' lang='lat' dir='ltr'>aufert</span> <span class='ocrx_word' id='word_1_113' title='bbox 551 1722 672 1783; x_wconf 88' lang='lat' dir='ltr'>domino</span> <span class='ocrx_word' id='word_1_114' title='bbox 688 1739 884 1802; x_wconf 90' lang='lat' dir='ltr'>truncumque</span> <span class='ocrx_word' id='word_1_115' title='bbox 899 1722 1041 1802; x_wconf 89' lang='lat' dir='ltr'>relinquit</span> 
     </span>
     <span class='ocr_line' id='line_1_18' title="bbox 191 1803 938 1896; baseline 0.001 -35"><span class='ocrx_word' id='word_1_116' title='bbox 191 1803 331 1880; x_wconf 84' lang='lat' dir='ltr'>sanguine</span> <span class='ocrx_word' id='word_1_117' title='bbox 338 1803 576 1896; x_wconf 33' lang='lat' dir='ltr'>&#39;singultantem</span> <span class='ocrx_word' id='word_1_118' title='bbox 598 1819 660 1862; x_wconf 89' lang='lat' dir='ltr'>atro</span> <span class='ocrx_word' id='word_1_119' title='bbox 676 1804 822 1880; x_wconf 83' lang='lat' dir='ltr'>tepefacta</span> <span class='ocrx_word' id='word_1_120' title='bbox 837 1823 938 1862; x_wconf 88' lang='lat' dir='ltr'>cruore</span> 
     </span>
    </p>

    <p class='ocr_par' dir='ltr' id='par_1_12' title="bbox 191 1883 1060 1963">
     <span class='ocr_line' id='line_1_19' title="bbox 191 1883 1060 1963; baseline 0 -21"><span class='ocrx_word' id='word_1_121' title='bbox 191 1899 266 1942; x_wconf 87' lang='lat' dir='ltr'>terra</span> <span class='ocrx_word' id='word_1_122' title='bbox 291 1883 404 1963; x_wconf 91' lang='lat' dir='ltr'>torique</span> <span class='ocrx_word' id='word_1_123' title='bbox 430 1883 561 1942; x_wconf 85' lang='lat' dir='ltr'>madent.</span> <span class='ocrx_word' id='word_1_124' title='bbox 596 1903 651 1942; x_wconf 90' lang='lat' dir='ltr'>uec</span> <span class='ocrx_word' id='word_1_125' title='bbox 676 1903 736 1941; x_wconf 91' lang='lat' dir='ltr'>non</span> <span class='ocrx_word' id='word_1_126' title='bbox 761 1883 978 1962; x_wconf 83' lang='lat' dir='ltr'>Lamyrumque</span> <span class='ocrx_word' id='word_1_127' title='bbox 1003 1884 1060 1942; x_wconf 87' lang='lat' dir='ltr'>La-</span> 
     </span>
    </p>

    <p class='ocr_par' dir='ltr' id='par_1_13' title="bbox 272 1985 412 2042">
     <span class='ocr_line' id='line_1_20' title="bbox 272 1985 412 2042; baseline -0.007 -19"><span class='ocrx_word' id='word_1_128' title='bbox 272 1985 412 2042; x_wconf 89' lang='lat' dir='ltr'>mumque</span> 
     </span>
    </p>

    <p class='ocr_par' dir='ltr' id='par_1_14' title="bbox 192 2043 926 2123">
     <span class='ocr_line' id='line_1_21' title="bbox 192 2043 926 2123; baseline 0.001 -19"><span class='ocrx_word' id='word_1_129' title='bbox 192 2061 221 2105; x_wconf 90' lang='lat' dir='ltr'>et</span> <span class='ocrx_word' id='word_1_130' title='bbox 235 2045 372 2105; x_wconf 88' lang='lat' dir='ltr'>iuvenem</span> <span class='ocrx_word' id='word_1_131' title='bbox 389 2044 552 2117; x_wconf 90' lang='lat' dir='ltr'>Serranum,</span> <span class='ocrx_word' id='word_1_132' title='bbox 567 2043 619 2104; x_wconf 91' lang='lat' dir='ltr'>illa</span> <span class='ocrx_word' id='word_1_133' title='bbox 634 2043 683 2123; x_wconf 91' lang='lat' dir='ltr'>qui</span> <span class='ocrx_word' id='word_1_134' title='bbox 698 2044 824 2122; x_wconf 83' lang='lat' dir='ltr'>plurima</span> <span class='ocrx_word' id='word_1_135' title='bbox 838 2060 926 2105; x_wconf 88' lang='lat' dir='ltr'>nocte</span> 
     </span>
    </p>

    <p class='ocr_par' dir='ltr' id='par_1_15' title="bbox 192 2124 842 2203">
     <span class='ocr_line' id='line_1_22' title="bbox 192 2124 842 2203; baseline -0.002 -18"><span class='ocrx_word' id='word_1_136' title='bbox 192 2125 309 2198; x_wconf 82' lang='lat' dir='ltr'>luserat,</span> <span class='ocrx_word' id='word_1_137' title='bbox 324 2124 445 2202; x_wconf 86' lang='lat' dir='ltr'>insignis</span> <span class='ocrx_word' id='word_1_138' title='bbox 460 2124 545 2197; x_wconf 91' lang='lat' dir='ltr'>facie,</span> <span class='ocrx_word' id='word_1_139' title='bbox 560 2126 714 2203; x_wconf 88' lang='lat' dir='ltr'>multoque</span> <span class='ocrx_word' id='word_1_140' title='bbox 728 2124 842 2184; x_wconf 89' lang='lat' dir='ltr'>iacebat</span> 
     </span>
    </p>

    <p class='ocr_par' dir='ltr' id='par_1_16' title="bbox 190 2204 910 2365">
     <span class='ocr_line' id='line_1_23' title="bbox 190 2204 909 2284; baseline 0.001 -19"><span class='ocrx_word' id='word_1_141' title='bbox 190 2206 320 2265; x_wconf 88' lang='lat' dir='ltr'>membra</span> <span class='ocrx_word' id='word_1_142' title='bbox 334 2204 390 2264; x_wconf 93' lang='lat' dir='ltr'>deo</span> <span class='ocrx_word' id='word_1_143' title='bbox 404 2205 498 2264; x_wconf 84' lang='lat' dir='ltr'>victus</span> <span class='ocrx_word' id='word_1_144' title='bbox 511 2230 520 2276; x_wconf 91' lang='lat'>;</span> <span class='ocrx_word' id='word_1_145' title='bbox 541 2205 624 2278; x_wconf 84' lang='lat' dir='ltr'>felix,</span> <span class='ocrx_word' id='word_1_146' title='bbox 640 2205 662 2264; x_wconf 85' lang='lat' dir='ltr'>si</span> <span class='ocrx_word' id='word_1_147' title='bbox 677 2206 810 2284; x_wconf 84' lang='lat' dir='ltr'>protinus</span> <span class='ocrx_word' id='word_1_148' title='bbox 823 2206 909 2266; x_wconf 89' lang='lat' dir='ltr'>illum</span> 
     </span>
     <span class='ocr_line' id='line_1_24' title="bbox 190 2285 910 2365; baseline 0.003 -20"><span class='ocrx_word' id='word_1_149' title='bbox 190 2301 339 2365; x_wconf 85' lang='lat' dir='ltr'>aequasset</span> <span class='ocrx_word' id='word_1_150' title='bbox 353 2285 433 2345; x_wconf 88' lang='lat' dir='ltr'>nocti</span> <span class='ocrx_word' id='word_1_151' title='bbox 448 2286 552 2345; x_wconf 89' lang='lat' dir='ltr'>ludum</span> <span class='ocrx_word' id='word_1_152' title='bbox 567 2285 598 2344; x_wconf 91' lang='lat' dir='ltr'>in</span> <span class='ocrx_word' id='word_1_153' title='bbox 615 2286 771 2365; x_wconf 86' lang='lat' dir='ltr'>lucemque</span> <span class='ocrx_word' id='word_1_154' title='bbox 786 2287 910 2347; x_wconf 87' lang='lat' dir='ltr'>tulisset.</span> 
     </span>
    </p>

    <p class='ocr_par' dir='ltr' id='par_1_17' title="bbox 190 2366 896 2447">
     <span class='ocr_line' id='line_1_25' title="bbox 190 2366 896 2447; baseline 0 -21"><span class='ocrx_word' id='word_1_155' title='bbox 190 2368 319 2446; x_wconf 81' lang='lat' dir='ltr'>inpastus</span> <span class='ocrx_word' id='word_1_156' title='bbox 333 2387 388 2426; x_wconf 89' lang='lat' dir='ltr'>ceu</span> <span class='ocrx_word' id='word_1_157' title='bbox 402 2367 490 2447; x_wconf 85' lang='lat' dir='ltr'>plena</span> <span class='ocrx_word' id='word_1_158' title='bbox 505 2368 552 2426; x_wconf 91' lang='lat' dir='ltr'>leo</span> <span class='ocrx_word' id='word_1_159' title='bbox 567 2387 620 2447; x_wconf 92' lang='lat' dir='ltr'>per</span> <span class='ocrx_word' id='word_1_160' title='bbox 633 2366 721 2426; x_wconf 86' lang='lat' dir='ltr'>ovilia</span> <span class='ocrx_word' id='word_1_161' title='bbox 737 2367 896 2426; x_wconf 88' lang='lat' dir='ltr'>turbans-</span> 
     </span>
    </p>

    <p class='ocr_par' dir='ltr' id='par_1_18' title="bbox 190 2447 1060 2688">
     <span class='ocr_line' id='line_1_26' title="bbox 191 2447 1060 2526; baseline 0.001 -20"><span class='ocrx_word' id='word_1_162' title='bbox 191 2449 291 2507; x_wconf 84' lang='lat' dir='ltr'>suadet</span> <span class='ocrx_word' id='word_1_163' title='bbox 305 2448 385 2508; x_wconf 88' lang='lat' dir='ltr'>enim</span> <span class='ocrx_word' id='word_1_164' title='bbox 399 2469 504 2507; x_wconf 87' lang='lat' dir='ltr'>vesana</span> <span class='ocrx_word' id='word_1_165' title='bbox 520 2447 825 2526; x_wconf 82' lang='lat' dir='ltr'>fames—manditque</span> <span class='ocrx_word' id='word_1_166' title='bbox 841 2447 988 2526; x_wconf 82' lang='lat' dir='ltr'>trahitque</span> <span class='ocrx_word' id='word_1_167' title='bbox 1021 2477 1060 2517; x_wconf 70' lang='grc' dir='ltr'>,ψ</span> 
     </span>
     <span class='ocr_line' id='line_1_27' title="bbox 190 2528 1019 2608; baseline 0 -20"><span class='ocrx_word' id='word_1_168' title='bbox 190 2529 280 2589; x_wconf 92' lang='lat' dir='ltr'>molle</span> <span class='ocrx_word' id='word_1_169' title='bbox 293 2549 382 2608; x_wconf 85' lang='lat' dir='ltr'>pecus</span> <span class='ocrx_word' id='word_1_170' title='bbox 397 2545 570 2607; x_wconf 87' lang='lat' dir='ltr'>mutumque</span> <span class='ocrx_word' id='word_1_171' title='bbox 585 2543 665 2587; x_wconf 89' lang='lat' dir='ltr'>metu</span> <span class='ocrx_word' id='word_1_172' title='bbox 679 2553 688 2600; x_wconf 74' lang='grc' dir='ltr'><strong>ς</strong></span> <span class='ocrx_word' id='word_1_173' title='bbox 710 2528 809 2587; x_wconf 88' lang='lat' dir='ltr'>fremit</span> <span class='ocrx_word' id='word_1_174' title='bbox 823 2549 873 2588; x_wconf 90' lang='lat' dir='ltr'>ore</span> <span class='ocrx_word' id='word_1_175' title='bbox 887 2543 1019 2588; x_wconf 88' lang='lat' dir='ltr'>cruento.</span> 
     </span>
     <span class='ocr_line' id='line_1_28' title="bbox 190 2608 905 2688; baseline 0 -20"><span class='ocrx_word' id='word_1_176' title='bbox 190 2630 245 2670; x_wconf 88' lang='lat' dir='ltr'>nec</span> <span class='ocrx_word' id='word_1_177' title='bbox 260 2609 355 2669; x_wconf 88' lang='lat' dir='ltr'>minor</span> <span class='ocrx_word' id='word_1_178' title='bbox 369 2608 487 2687; x_wconf 86' lang='lat' dir='ltr'>Euryali</span> <span class='ocrx_word' id='word_1_179' title='bbox 503 2609 605 2669; x_wconf 86' lang='lat' dir='ltr'>caedes</span> <span class='ocrx_word' id='word_1_180' title='bbox 618 2633 627 2680; x_wconf 91' lang='lat'>;</span> <span class='ocrx_word' id='word_1_181' title='bbox 649 2608 784 2669; x_wconf 83' lang='lat' dir='ltr'>incensus</span> <span class='ocrx_word' id='word_1_182' title='bbox 800 2609 905 2688; x_wconf 88' lang='lat' dir='ltr'>etipse</span> 
     </span>
    </p>

    <p class='ocr_par' dir='ltr' id='par_1_19' title="bbox 189 2689 1058 2850">
     <span class='ocr_line' id='line_1_29' title="bbox 189 2689 1021 2769; baseline -0.002 -19"><span class='ocrx_word' id='word_1_183' title='bbox 189 2690 321 2769; x_wconf 89' lang='lat' dir='ltr'>perfurit,</span> <span class='ocrx_word' id='word_1_184' title='bbox 336 2710 369 2750; x_wconf 87' lang='lat' dir='ltr'>ac</span> <span class='ocrx_word' id='word_1_185' title='bbox 383 2690 506 2749; x_wconf 88' lang='lat' dir='ltr'>multam</span> <span class='ocrx_word' id='word_1_186' title='bbox 520 2689 553 2748; x_wconf 86' lang='lat' dir='ltr'>in</span> <span class='ocrx_word' id='word_1_187' title='bbox 567 2689 665 2749; x_wconf 86' lang='lat' dir='ltr'>medio</span> <span class='ocrx_word' id='word_1_188' title='bbox 680 2689 743 2749; x_wconf 86' lang='lat' dir='ltr'>sine</span> <span class='ocrx_word' id='word_1_189' title='bbox 759 2690 879 2750; x_wconf 88' lang='lat' dir='ltr'>nomine</span> <span class='ocrx_word' id='word_1_190' title='bbox 893 2689 1021 2767; x_wconf 89' lang='lat' dir='ltr'>plebem,</span> 
     </span>
     <span class='ocr_line' id='line_1_30' title="bbox 191 2770 1058 2850; baseline 0.002 -22"><span class='ocrx_word' id='word_1_191' title='bbox 191 2771 360 2850; x_wconf 89' lang='lat' dir='ltr'>Fadumque</span> <span class='ocrx_word' id='word_1_192' title='bbox 388 2772 613 2849; x_wconf 85' lang='lat' dir='ltr'>Herbesumque</span> <span class='ocrx_word' id='word_1_193' title='bbox 641 2770 719 2830; x_wconf 90' lang='lat' dir='ltr'>subit</span> <span class='ocrx_word' id='word_1_194' title='bbox 748 2771 955 2849; x_wconf 89' lang='lat' dir='ltr'>Rhoetumque</span> <span class='ocrx_word' id='word_1_195' title='bbox 979 2771 1058 2830; x_wconf 83' lang='lat' dir='ltr'>Aba·</span> 
     </span>
    </p>

    <p class='ocr_par' dir='ltr' id='par_1_20' title="bbox 272 2852 394 2930">
     <span class='ocr_line' id='line_1_31' title="bbox 272 2852 394 2930; baseline 0 -20"><span class='ocrx_word' id='word_1_196' title='bbox 272 2852 394 2930; x_wconf 89' lang='lat' dir='ltr'>rimque,</span> 
     </span>
    </p>

    <p class='ocr_par' dir='ltr' id='par_1_21' title="bbox 187 2931 1056 3408">
     <span class='ocr_line' id='line_1_32' title="bbox 189 2931 1019 3010; baseline 0.002 -20"><span class='ocrx_word' id='word_1_197' title='bbox 189 2931 324 3010; x_wconf 80' lang='lat' dir='ltr'>ignaros3</span> <span class='ocrx_word' id='word_1_198' title='bbox 345 2932 493 2992; x_wconf 88' lang='lat' dir='ltr'>Rhoetum</span> <span class='ocrx_word' id='word_1_199' title='bbox 507 2932 678 3008; x_wconf 83' lang='lat' dir='ltr'>vigilantem</span> <span class='ocrx_word' id='word_1_200' title='bbox 693 2946 724 2991; x_wconf 92' lang='lat' dir='ltr'>et</span> <span class='ocrx_word' id='word_1_201' title='bbox 738 2948 845 2992; x_wconf 88' lang='lat' dir='ltr'>cuncta</span> <span class='ocrx_word' id='word_1_202' title='bbox 860 2931 1019 3005; x_wconf 86' lang='lat' dir='ltr'>videntem,</span> 
     </span>
     <span class='ocr_line' id='line_1_33' title="bbox 189 3013 934 3092; baseline 0.001 -21"><span class='ocrx_word' id='word_1_203' title='bbox 189 3013 240 3072; x_wconf 87' lang='lat' dir='ltr'>sed</span> <span class='ocrx_word' id='word_1_204' title='bbox 253 3033 391 3089; x_wconf 83' lang='lat' dir='ltr'>magnum</span> <span class='ocrx_word' id='word_1_205' title='bbox 406 3028 539 3072; x_wconf 86' lang='lat' dir='ltr'>metuens</span> <span class='ocrx_word' id='word_1_206' title='bbox 554 3032 584 3071; x_wconf 86' lang='lat' dir='ltr'>se</span> <span class='ocrx_word' id='word_1_207' title='bbox 598 3029 663 3092; x_wconf 92' lang='lat' dir='ltr'>post</span> <span class='ocrx_word' id='word_1_208' title='bbox 677 3028 786 3073; x_wconf 85' lang='lat' dir='ltr'>cratera</span> <span class='ocrx_word' id='word_1_209' title='bbox 801 3013 934 3092; x_wconf 83' lang='lat' dir='ltr'>tegebat3</span> 
     </span>
     <span class='ocr_line' id='line_1_34' title="bbox 189 3092 955 3172; baseline 0.003 -20"><span class='ocrx_word' id='word_1_210' title='bbox 189 3109 309 3172; x_wconf 86' lang='lat' dir='ltr'>pectore</span> <span class='ocrx_word' id='word_1_211' title='bbox 323 3093 355 3151; x_wconf 89' lang='lat' dir='ltr'>in</span> <span class='ocrx_word' id='word_1_212' title='bbox 370 3093 490 3154; x_wconf 88' lang='lat' dir='ltr'>adverso</span> <span class='ocrx_word' id='word_1_213' title='bbox 505 3108 599 3153; x_wconf 88' lang='lat' dir='ltr'>totum</span> <span class='ocrx_word' id='word_1_214' title='bbox 615 3093 662 3153; x_wconf 91' lang='lat' dir='ltr'>cui</span> <span class='ocrx_word' id='word_1_215' title='bbox 678 3092 841 3154; x_wconf 86' lang='lat' dir='ltr'>comminus</span> <span class='ocrx_word' id='word_1_216' title='bbox 856 3113 955 3154; x_wconf 89' lang='lat' dir='ltr'>ensem</span> 
     </span>
     <span class='ocr_line' id='line_1_35' title="bbox 190 3173 896 3254; baseline 0.001 -20"><span class='ocrx_word' id='word_1_217' title='bbox 190 3174 323 3234; x_wconf 90' lang='lat' dir='ltr'>condidit</span> <span class='ocrx_word' id='word_1_218' title='bbox 337 3173 502 3251; x_wconf 85' lang='lat' dir='ltr'>adsurgenti</span> <span class='ocrx_word' id='word_1_219' title='bbox 518 3189 548 3233; x_wconf 93' lang='lat' dir='ltr'>et</span> <span class='ocrx_word' id='word_1_220' title='bbox 562 3174 654 3232; x_wconf 89' lang='lat' dir='ltr'>multa</span> <span class='ocrx_word' id='word_1_221' title='bbox 668 3189 763 3233; x_wconf 88' lang='lat' dir='ltr'>morte</span> <span class='ocrx_word' id='word_1_222' title='bbox 776 3174 896 3254; x_wconf 78' lang='lat' dir='ltr'>recepit.</span> 
     </span>
     <span class='ocr_line' id='line_1_36' title="bbox 189 3254 1054 3334; baseline 0.001 -21"><span class='ocrx_word' id='word_1_223' title='bbox 189 3273 366 3334; x_wconf 88' lang='lat' dir='ltr'>purpuream</span> <span class='ocrx_word' id='word_1_224' title='bbox 377 3254 469 3314; x_wconf 89' lang='lat' dir='ltr'>vomit</span> <span class='ocrx_word' id='word_1_225' title='bbox 483 3254 536 3314; x_wconf 89' lang='lat' dir='ltr'>ille</span> <span class='ocrx_word' id='word_1_226' title='bbox 550 3254 678 3314; x_wconf 87' lang='lat' dir='ltr'>animam</span> <span class='ocrx_word' id='word_1_227' title='bbox 689 3270 720 3314; x_wconf 91' lang='lat' dir='ltr'>et</span> <span class='ocrx_word' id='word_1_228' title='bbox 733 3275 800 3316; x_wconf 88' lang='lat' dir='ltr'>cum</span> <span class='ocrx_word' id='word_1_229' title='bbox 812 3256 952 3334; x_wconf 86' lang='lat' dir='ltr'>sanguine</span> <span class='ocrx_word' id='word_1_230' title='bbox 963 3254 1054 3314; x_wconf 82' lang='lat' dir='ltr'>mixta</span> 
     </span>
     <span class='ocr_line' id='line_1_37' title="bbox 187 3334 1056 3408; baseline 0 -14"><span class='ocrx_word' id='word_1_231' title='bbox 187 3335 256 3395; x_wconf 87' lang='lat' dir='ltr'>vina</span> <span class='ocrx_word' id='word_1_232' title='bbox 271 3335 361 3394; x_wconf 85' lang='lat' dir='ltr'>refert</span> <span class='ocrx_word' id='word_1_233' title='bbox 374 3335 522 3408; x_wconf 83' lang='lat' dir='ltr'>moriens3</span> <span class='ocrx_word' id='word_1_234' title='bbox 542 3334 590 3395; x_wconf 90' lang='lat' dir='ltr'>hic</span> <span class='ocrx_word' id='word_1_235' title='bbox 606 3335 684 3395; x_wconf 88' lang='lat' dir='ltr'>furto</span> <span class='ocrx_word' id='word_1_236' title='bbox 698 3335 825 3396; x_wconf 76' lang='lat' dir='ltr'>fervidus</span> <span class='ocrx_word' id='word_1_237' title='bbox 839 3337 938 3397; x_wconf 85' lang='lat' dir='ltr'>instar.</span> <span class='ocrx_word' id='word_1_238' title='bbox 1017 3365 1056 3404; x_wconf 74' lang='lat'>3⁵0</span> 
     </span>
    </p>
   </div>
   <div class='ocr_carea' id='block_1_3' title="bbox 500 3427 673 3492">
    <p class='ocr_par' dir='ltr' id='par_1_22' title="bbox 500 3427 673 3492">
     <span class='ocr_line' id='line_1_38' title="bbox 500 3427 673 3492; baseline 0.017 -16"><span class='ocrx_word' id='word_1_239' title='bbox 500 3461 501 3470; x_wconf 45' lang='lat' dir='ltr'>r</span> <span class='ocrx_word' id='word_1_240' title='bbox 534 3427 578 3492; x_wconf 81' lang='lat'>348</span> <span class='ocrx_word' id='word_1_241' title='bbox 596 3437 673 3479; x_wconf 85' lang='lat' dir='ltr'>noete.</span> 
     </span>
    </p>
   </div>
   <div class='ocr_carea' id='block_1_4' title="bbox 0 0 1286 4114">
    <p class='ocr_par' dir='ltr' id='par_1_23' title="bbox 0 0 1286 4114">
     <span class='ocr_line' id='line_1_39' title="bbox 0 0 1286 4114; baseline 0 1"><span class='ocrx_word' id='word_1_242' title='bbox 0 0 1286 4114; x_wconf 95' lang='lat' dir='ltr'> </span> 
     </span>
    </p>
   </div>
  </div>
 </body>
</html>
