2562 4114
428 382 595 431 eruamus
613 384 676 432 mu.
693 384 731 433 xr
977 399 1021 448 3³1

159 531 232 591 quae
244 512 378 583 referant,
394 511 445 570 fari
461 512 552 583 iubet,
569 528 597 571 et
611 534 743 590 responsa
757 514 879 591 reposcit
988 545 1026 583 240

160 593 261 651 ordine
276 609 383 651 cuncta
397 614 457 652 suo.
500 609 562 652 turn
579 594 655 652 facta
669 593 783 652 silentia
797 593 912 670 linguis,

161 690 189 733 et
203 672 337 732 Venulus
352 671 431 732 dicto
446 693 548 751 parens
564 674 603 732 ita
618 674 701 732 farier
715 674 799 734 infit:

200 753 351 824 ‘vidimus
366 775 384 812 o
400 754 487 847 cives,
502 753 676 814 Diomedem
673 755 854 848 ‘Argivaque
869 771 967 826 castra,

160 850 268 928 atque·
261 835 316 894 iter
331 835 440 894 emensi
456 856 536 893 casus
552 835 745 913 superavimus
761 856 872 908 omnes,

160 914 392 994 contigimusque
406 935 525 975 manum
542 937 598 994 qua
612 916 741 975 concidit
756 916 811 975 Ilia
825 917 921 975 tellus.

160 996 211 1054 ille
226 996 326 1055 urbem
340 996 511 1072 Argyripam
527 996 633 1074 patriae
648 996 821 1089 cognomine
835 997 928 1074 gentis

160 1076 254 1136 victor
269 1076 396 1153 Gargani
412 1077 555 1135 condebat
570 1077 683 1154 Iapygis
697 1077 778 1152 agris.

160 1172 310 1236 postquam
325 1156 489 1233 introgressi
506 1173 535 1215 et
550 1177 644 1216 coram
659 1157 725 1216 data
738 1157 822 1236 copia
836 1159 926 1232 fandi,

161 1257 281 1296 munera
295 1237 492 1314 praeferimus,
508 1257 616 1296 nomen
632 1238 813 1316 patriamque
828 1240 964 1299 docemus
977 1265 986 1310 ;

160 1318 211 1396 qui
227 1318 337 1376 bellum
351 1318 516 1389 intulerint,
530 1339 603 1396 quae
618 1339 702 1378 causa
715 1320 862 1379 attraxerit
876 1322 979 1398 Arpos.
992 1349 1030 1387 250

160 1398 264 1457 auditis
279 1398 329 1457 ille
344 1401 414 1458 haec
430 1399 548 1476 placido
562 1398 601 1458 sic
617 1399 742 1458 reddidit
756 1421 803 1458 ore
818 1423 825 1459 :

129 1485 175 1537 “o
190 1480 351 1538 fortunatae
365 1495 475 1555 gentes,
492 1479 626 1538 Saturnia
640 1500 735 1556 regna,

161 1559 271 1638 antiqui
286 1560 418 1631 Ausonii,
435 1579 511 1638 quae
524 1581 574 1618 vos
589 1561 704 1619 fortuna
718 1560 829 1639 quietos

161 1640 305 1711 sollicitat,
321 1641 478 1719 suadetque
494 1640 591 1716 ignota
605 1642 741 1700 lacessere
757 1641 853 1701 bellai

161 1721 339 1799 quicumque
354 1721 458 1780 Iliacos
473 1722 548 1780 ferro
562 1721 732 1781 violavimus
746 1743 865 1798 agros-

161 1801 246 1860 mitto
261 1822 304 1873 ea,
318 1823 391 1880 quae
407 1802 495 1860 muris
511 1802 647 1860 bellando
661 1805 797 1861 exhausta
812 1803 864 1860 sub
878 1803 951 1875 altis,

161 1902 232 1961 quos
248 1882 351 1942 Simois
366 1897 477 1959 premat
491 1882 542 1940 ille
557 1882 792 1940 viros—infanda
805 1902 855 1960 per
869 1885 968 1943 orbem

162 1961 304 2040 supplicia
318 1977 347 2021 et
362 1962 503 2020 scelerum
518 1981 624 2039 poenas
639 1962 828 2039 expendimus
842 1983 951 2036 omnes,

162 2044 208 2101 vel
225 2042 339 2100 Priamo
355 2040 516 2099 miseranda
531 2061 632 2100 manus
645 2067 654 2112 3
676 2042 729 2102 scit
744 2042 824 2101 triste
840 2043 993 2104 Minervae

163 2123 239 2182 sidus
255 2137 283 2180 et
299 2121 445 2180 Euboicae
461 2136 557 2180 cautes
574 2123 708 2201 ultorque
725 2123 900 2201 Caphereus.
993 2143 1031 2183 2⁶0

162 2203 269 2262 militia
283 2223 320 2260 ex
334 2201 385 2260 illa
399 2202 543 2260 diversum
558 2203 594 2260 ad
608 2203 676 2261 litus
692 2204 784 2263 abacti

163 2284 278 2342 Atrides
295 2282 390 2341 Protei
407 2284 561 2342 Menelaus
576 2285 703 2362 adusque
718 2284 865 2344 columnas

163 2365 295 2435 exsulat3
315 2365 460 2423 Aetnaeos
474 2364 548 2422 vidit
564 2365 707 2442 Cyclopas
723 2365 836 2425 Ulixes.

163 2465 250 2522 regna
266 2445 454 2523 Neoptolemi
470 2445 602 2516 referam,
616 2466 767 2524 versosque
784 2446 903 2506 Penates

164 2525 337 2585 Idomenei?
359 2525 510 2603 Libycone
525 2526 687 2586 habitantes
702 2527 787 2586 litore
800 2529 929 2587 Locros?

163 2607 223 2685 ipse
239 2608 419 2684 Mycenaeus
434 2627 603 2682 magnorum
618 2608 722 2666 ductor
734 2608 880 2668 Achivum

164 2687 294 2764 coniugia
309 2686 445 2746 infandae
459 2689 552 2765 prima
566 2688 642 2746 intra
656 2689 758 2748 limina
772 2689 872 2747 dextra

163 2768 285 2845 oppetiit
298 2791 307 2835 ;
328 2767 473 2827 devictam
487 2769 586 2828 Asiam
601 2769 729 2830 subsedit
743 2770 864 2830 adulter.

164 2848 300 2907 invidisse
315 2848 394 2920 deos,
407 2849 506 2927 patriis
522 2865 554 2908 ut
569 2850 698 2909 redditus
713 2851 766 2909 aris

164 2928 333 3022 coniugium
348 2945 479 3006 optatum
495 2945 524 2988 et
539 2930 691 3007 pulchram
707 2931 857 3008 Calydona
871 2931 1018 2992 viderem!

165 3029 245 3068 nunc
260 3009 349 3068 etiam
363 3010 535 3068 horribili
508 3030 570 3068 vrsu
585 3026 721 3087 portenta
735 3028 906 3104 sequuntur,
994 3043 1030 3082 271

165 3106 195 3148 et
209 3089 279 3148 socii
294 3090 388 3148 amissi
402 3091 551 3169 petierunt
565 3091 722 3150 aethera'
693 3091 791 3168 pinnis
841 3095 845 3103 '

165 3169 392 3248 fluminibusque
406 3186 545 3246 vagantur
559 3174 723 3231 aves—heu
738 3173 799 3232 dira
814 3193 943 3234 meorum

165 3249 307 3329 supplicia
321 3251 401 3309 !-et
415 3252 545 3328 scopulos
561 3252 716 3310 lacrimosis
731 3254 849 3314 vocibus
863 3255 988 3334 inplent.

165 3331 236 3389 haec
251 3330 323 3388 adeo
338 3350 374 3388 ex
388 3331 440 3390 illo
453 3331 549 3391 mihi'
541 3351 598 3390 ram
612 3333 751 3409 speranda
764 3335 882 3395 fuerunt

289 3436 333 3484 261
353 3436 435 3487 adacti.
501 3437 548 3486 268
567 3438 655 3486 devicta
666 3439 730 3490 Asia.
763 3441 869 3502 possedit.
