2556 4116
516 392 543 440 P.
561 390 704 440 VERGILI
721 391 880 440 MARONlS

283 523 363 596 felix,
378 522 429 602 qui
443 520 538 600 potuit
551 541 646 580 rerum
660 541 833 597 cognoscere
848 542 955 594 causas,
1113 555 1155 596 ⁴90

283 621 369 684 atque
384 618 479 662 metus
493 623 594 661 omnes
609 617 637 661 et
651 601 830 662 inexorabile
844 605 937 662 fatum

282 683 404 744 subiecit
417 683 538 762 pedibus
554 683 760 762 strepitumque
775 684 950 743 Acherontis
964 684 1049 744 avari.

282 768 443 825 fortunatus
458 779 488 824 et
501 763 563 835 ille,
577 766 644 823 deos
659 765 706 842 qui
723 765 804 822 novit
819 780 945 840 agrestes,

284 849 418 925 Panaque
434 845 642 923 Silvanumque
656 865 755 904 senem
771 845 980 924 Nymphasque
996 867 1111 908 sorores.

282 929 366 988 illum
381 948 441 985 non
454 926 555 1005 populi
571 927 669 997 fasces,
685 947 746 984 non
760 947 886 1004 purpura
899 946 1000 1003 regum

282 1008 364 1067 flexit
378 1023 407 1067 et
421 1006 524 1065 infidos
539 1007 646 1084 agitans
660 1006 801 1066 discordia
816 1008 925 1077 fratres,

282 1105 330 1148 aut
345 1089 495 1148 coniurato
510 1088 686 1148 descendens
701 1088 798 1147 Dacus
812 1087 848 1146 ab
861 1087 971 1160 Histro,

281 1191 340 1229 non
355 1191 398 1228 res
414 1169 560 1228 Romanae
575 1169 757 1248 perituraque
772 1190 878 1244 regna:
900 1189 994 1247 neque
1009 1169 1059 1228 ille

282 1267 332 1310 aut
345 1250 440 1310 doluit
454 1250 590 1308 miserans
605 1249 723 1329 inopem
739 1265 788 1309 aut
802 1249 908 1308 invidit
922 1249 1050 1310 habenti.

281 1353 351 1411 quos
366 1351 437 1389 rarnr
430 1331 570 1401 fructus,
587 1352 656 1409 quos
671 1331 730 1408 ipsa
746 1331 873 1389 volentia
886 1350 952 1389 rura
1111 1361 1151 1399 500

282 1428 384 1506 sponte
399 1412 492 1471 tulere
507 1433 566 1483 sua,
581 1412 694 1490 carpsit,
710 1432 765 1470 nec
781 1411 893 1469 ferrea
885 1433 947 1470 rura

280 1494 472 1570 insanumque
488 1492 582 1551 forum
597 1508 645 1550 aut
659 1492 760 1569 populi
776 1493 913 1551 tabularia
926 1491 1006 1551 vidit.

282 1573 440 1632 sollicitant
456 1573 503 1631 alii
519 1572 605 1631 remis
620 1573 692 1630 freta
706 1593 801 1645 caeca,
816 1589 961 1652 ruuntque

281 1655 312 1712 in
327 1655 446 1725 ferrum,
460 1668 616 1732 penetrant
630 1655 707 1712 aulas
723 1670 752 1712 et
767 1619 868 1712 liinina
883 1674 1005 1730 regum3

279 1735 328 1793 hic
344 1735 417 1812 petit
432 1734 550 1793 excidiis
566 1735 668 1793 urbem
681 1735 855 1814 miserosque
872 1735 1002 1806 Penates,

281 1831 313 1874 ut
327 1836 440 1892 gemma
454 1815 532 1874 bibat
548 1831 577 1874 ct
592 1816 713 1874 Sarrano
727 1815 850 1875 dormiat
864 1832 940 1873 ostro
952 1841 962 1886 ;

280 1897 380 1957 condit
394 1917 461 1974 opes
476 1897 547 1954 alius
562 1897 730 1976 defossoque
745 1897 864 1954 incubat
878 1917 946 1954 auro
959 1921 968 1967 ;

279 1977 327 2036 hic
343 1992 440 2054 stupet
454 1977 592 2036 attonitus
606 1977 726 2048 rostris,
718 2003 724 2016 ·
747 1979 826 2036 hunc
842 1977 956 2056 plausus
971 1977 1101 2035 hiantem

277 2078 331 2136 per
345 2079 450 2116 cuneos
465 2057 625 2134 geminatus
640 2059 718 2117 enim
732 2059 881 2136 plebisque
895 2073 1065 2136 patrumque

279 2138 439 2215 corripuit3
460 2138 587 2215 gaudent
600 2139 709 2217 perfusi
724 2139 861 2216 sanguine
876 2139 1006 2222 fratrum,
1110 2165 1149 2206 510

279 2219 424 2297 exilioque
439 2219 539 2277 domos
553 2233 583 2278 et
597 2219 695 2278 dulcia
709 2220 811 2279 limina
824 2235 939 2278 mutant

279 2317 363 2378 atque
379 2299 434 2357 alio
449 2300 570 2377 patriam
586 2317 729 2378 quaerunt
743 2301 796 2360 sub
811 2301 893 2358 sole
884 2316 1038 2360 racentem.

279 2380 423 2457 agricola
416 2401 537 2438 incurvo
551 2396 658 2439 terram
672 2380 795 2439 dimovit
809 2397 923 2439 aratro:

278 2461 348 2520 hinc
364 2460 432 2520 anni
447 2462 537 2533 labor,
551 2461 621 2520 hinc
637 2461 758 2540 patriam
773 2481 933 2539 parvosque
948 2475 1067 2538 nepotes

278 2541 408 2614 sustinet,
422 2542 492 2601 hinc
508 2558 636 2601 armenta
650 2543 739 2600 boum
753 2540 926 2620 meritosque
940 2540 1088 2598 iuvencos.

276 2643 331 2681 nec
346 2622 466 2704 requies,
482 2622 553 2701 quin
569 2638 617 2682 aut
631 2622 723 2701 pomis
739 2621 876 2680 exuberet
890 2640 983 2678 annus

278 2719 326 2762 aut
340 2703 402 2763 fetu
416 2724 556 2781 pecorum
571 2717 621 2762 aut
636 2701 764 2761 Cerealis
779 2700 899 2777 mergite
917 2700 1018 2772 culmi,

277 2800 477 2861 proventuque
491 2799 591 2842 oneret
605 2784 699 2841 sulcos
714 2799 799 2861 atque
814 2784 917 2840 horrea
930 2780 1039 2840 vincat.

277 2864 358 2922 venit
372 2865 506 2942 hiemps:
528 2863 630 2923 teritur
646 2863 781 2940 Sicyonia
795 2863 866 2922 baca
881 2861 1006 2939 trapetis,

275 2945 380 3020 glande
395 2965 457 3003 sues
472 2945 538 3004 laeti
554 2945 686 3015 redeunt,
701 2944 772 3003 dant
787 2944 887 3002 arbuta
901 2942 1010 3013 silvae3
1107 2970 1149 3008 520

276 3041 305 3083 et
319 3025 411 3082 varios
425 3027 508 3118 ponit
525 3026 600 3084 fetus
614 3041 780 3095 autumnus,
795 3039 823 3082 ct
838 3024 894 3082 alte

276 3104 354 3162 mitis
368 3104 398 3162 in
414 3106 514 3182 apricis
530 3106 683 3198 coquitur
678 3104 826 3163 vindemia
839 3105 921 3164 saxis.

275 3185 384 3242 interea
399 3185 499 3245 dulces
513 3186 683 3262 pendent
657 3206 768 3244 crrcum
783 3185 880 3244 oscula
894 3184 963 3258 nati,

276 3280 350 3324 casta
365 3265 536 3342 pudicitiam
551 3283 643 3326 servat
659 3267 771 3361 domus,
787 3267 874 3324 ubera
888 3285 992 3325 vaccae

276 3345 366 3404 lactea
380 3346 590 3418 demittunt,
563 3368 742 3426 pinguesque
757 3347 787 3406 in
803 3346 932 3423 gramine
946 3347 1022 3404 laeto

607 3454 654 3504 514
671 3441 776 3490 Penates.
