2562 4114
260 365 307 429 326
529 363 556 411 v
574 361 717 409 vsaour
735 361 892 408 MARONIS

299 493 490 571 intersintque
504 491 591 570 patris
605 490 740 560 lacrimis,
754 489 857 548 solacia
870 489 965 548 luctus

300 574 401 650 exigua
415 571 552 650 ingentis,
567 572 671 630 misero
683 571 734 630 sed
747 569 843 629 debita
855 569 939 647 patri.

299 655 377 714 haud
391 674 490 730 segnes
504 652 552 711 alii
568 667 658 712 crates
672 668 702 711 et
716 652 804 712 molle
819 653 955 710 feretrum

299 735 422 794 arbuteis
438 750 541 793 texunt
555 734 641 810 virgis
655 749 684 792 et
698 733 808 792 vimine
822 752 943 812 querno,

299 832 513 910 exstructosque
528 831 603 873 toros
618 815 738 874 obtentu
754 813 862 872 frondis
876 812 1055 870 inumbrant.

300 897 370 956 hic'
363 916 498 955 iuvenem
513 913 613 972 agrestt
606 894 783 952 sublimem
794 893 929 952 stramine
944 909 1081 970 ponunt:

300 977 458 1056 qualem
432 977 563 1052 virgineo
575 977 739 1034 demessum
753 974 859 1052 pollice
874 973 984 1044 florem,

300 1079 349 1118 seu
364 1057 460 1116 mollis
473 1057 564 1116 violae
579 1077 628 1115 seu
644 1055 804 1131 languentis
818 1053 978 1132 hyacinthi,

300 1139 348 1198 cui
363 1158 458 1217 neque
473 1139 568 1214 fulgor
582 1138 676 1196 adhuc
692 1136 831 1195 necdum
846 1157 894 1194 sua
908 1136 999 1194 forma
1012 1136 1132 1194 recessit
1140 1160 1149 1204 ς

301 1240 359 1279 ιιοιι
374 1219 431 1276 iam
446 1233 537 1276 mater
552 1218 603 1276 alit
617 1218 712 1288 tellus,
727 1217 858 1295 viresque
873 1215 1023 1275 ministrat.
1143 1247 1165 1285 71

300 1316 371 1358 tunc
385 1299 511 1375 geminas
525 1315 615 1357 vestes
630 1318 756 1377 auroque
770 1313 903 1376 ostroque
916 1296 1040 1372 rigentes

300 1381 405 1440 extulit
419 1381 540 1450 Aeneas,
556 1401 625 1458 quas
640 1378 684 1437 illi
700 1380 773 1437 laeta
786 1379 917 1437 laborum

300 1461 360 1538 ipsa
371 1459 428 1518 suis
442 1460 588 1538 quondam
604 1460 736 1518 manibus
752 1458 869 1518 Sidonia
882 1458 961 1517 Dido

301 1541 408 1600 fecerat
422 1556 451 1598 et
466 1539 546 1598 tenui
562 1541 632 1598 telas
647 1541 819 1600 discreverat
833 1560 911 1599 auro.

300 1625 403 1680 harum
419 1639 504 1679 unam
520 1620 618 1679 iuveni
635 1641 802 1699 supremum
817 1635 940 1680 maestus
954 1622 1098 1678 honorem
1184 1665 1190 1678 .
1268 1647 1269 1666 ι

301 1702 407 1773 induit,
422 1721 586 1779 arsurasque
601 1721 697 1760 comas
712 1702 836 1760 obnubit
849 1701 956 1760 amictu
969 1725 979 1771 ;

301 1784 450 1861 multaque
465 1798 609 1861 praeterea
622 1783 773 1841 Laurentis
787 1781 913 1859 praemia
925 1801 1040 1859 pugnae

301 1879 423 1942 aggerat,
437 1880 466 1923 et
480 1863 565 1939 longo
580 1864 714 1941 praedam
728 1863 810 1921 iubet
824 1862 924 1921 ordine
938 1862 1017 1924 duci.

301 1945 378 2004 addit
393 1965 480 2024 equos
494 1961 524 2003 et
539 1945 604 2016 tela,
620 1945 725 2023 quibus
739 1943 906 2021 spoliaverat
918 1944 1040 2002 hostem.
1143 1961 1166 2001 so

302 2025 431 2084 vinxerat
446 2041 475 2084 et
489 2041 552 2102 post
566 2041 644 2102 terga
657 2045 767 2095 manus,
782 2045 852 2118 quos
866 2023 994 2083 mitteret
1009 2023 1120 2084 umbris

301 2105 425 2174 inferias,
440 2125 523 2164 caeso
537 2127 681 2184 sparsurus
696 2105 833 2181 sanguine
847 2104 996 2175 flammas;

301 2187 472 2265 indutosque
487 2186 567 2246 iubet
581 2203 697 2246 truncos
711 2186 861 2246 hostilibus
875 2187 958 2245 armis

302 2267 374 2344 ipsos
388 2267 461 2326 ferre
476 2268 572 2340 duces,
588 2269 763 2346 inimicaque
778 2267 897 2326 nomina
911 2266 970 2344 ligi.

301 2347 417 2406 ducitur
432 2347 533 2406 infelix
549 2369 618 2407 aevo
633 2350 781 2408 confectus
794 2349 926 2421 Acoetes,

301 2444 417 2506 pectora
431 2449 511 2487 nunc
526 2429 644 2488 foedans
659 2428 772 2509 pugnis,
788 2449 868 2488 nunc
883 2428 1027 2505 unguibus
1042 2447 1092 2486 ora
1105 2452 1114 2498 ;

302 2509 438 2568 sternitur
452 2525 481 2568 et
495 2524 554 2568 toto
569 2511 712 2586 proiectus
726 2531 843 2586 corpore
858 2526 958 2568 terrae.

302 2590 413 2649 ducunt
427 2606 456 2648 et
471 2590 583 2649 Rutulo
598 2591 727 2684 perfusqs
741 2591 878 2667 sanguine
894 2611 1003 2649 currus.

300 2686 365 2762 post
380 2671 502 2730 bellator
515 2691 617 2750 equus,
630 2671 729 2748 positis
743 2670 911 2747 insignibus,
926 2672 1045 2730 Aethon

301 2749 325 2809 it
339 2750 490 2811 lacrimans
504 2752 649 2830 guttisque
664 2767 791 2811 umectat
804 2752 958 2827 grandibus
972 2772 1030 2810 ora.
1142 2779 1168 2820 φ

303 2833 410 2891 hastam
425 2830 473 2890 alii
487 2832 655 2910 galeamque
671 2832 793 2901 ferunt3
814 2853 880 2892 nam
897 2848 991 2891 cetera
1005 2832 1128 2890 Turnus

214 2913 216 2917 ’
302 2911 393 2971 victor
420 2913 515 2972 habet.
557 2928 620 2971 tum
648 2930 753 2972 maesta
780 2914 905 2991 phalanx
931 2911 1101 2990 Teucrique
1126 2931 1168 2969 se-

382 3009 513 3071 quuntur

302 3073 506 3153 Tyrrhenique
521 3094 620 3133 omnes
635 3091 664 3134 et
678 3075 765 3134 versis
778 3076 904 3134 Arcades
917 3074 1011 3134 armis.

301 3169 451 3232 postquam
466 3154 559 3214 omnis
573 3154 659 3230 longe
674 3154 813 3215 comitum
827 3169 1001 3233 processerat
1014 3154 1095 3224 ordo,

302 3233 426 3293 substitit
440 3237 560 3306 Aeneas,
576 3235 743 3315 gemituque
757 3237 827 3294 haec
842 3235 952 3295 addidit
966 3235 1024 3298 alto
1038 3258 1045 3294 z

283 3320 353 3373 ‘nos
368 3315 435 3373 alias
449 3315 517 3374 hinc
534 3316 568 3374 ad
583 3316 712 3375 lacrimas
726 3316 824 3375 eadem
838 3316 953 3376 horrida
966 3314 1037 3374 belli

485 3423 514 3470 93
533 3409 693 3472 Tyrrhenique
704 3411 779 3458 duces.
813 3421 843 3474 95
861 3409 940 3458 edidit.
