2556 4116
412 367 614 418 GEORGICON
631 371 695 420 LIB.
712 371 738 418 II

160 501 239 559 inter
253 519 282 558 se
298 497 419 557 adversis
433 499 579 558 luctantur
594 501 730 559 cornibus
745 502 838 562 haedi.

161 581 221 658 ipse
236 580 296 638 dies
311 579 398 662 agitat
413 579 498 639 festos
513 581 649 674 fususque
664 603 716 660 per
730 583 857 655 herbam,

160 661 235 736 ignis
250 659 322 719 ubi
315 680 346 718 m
361 661 457 719 medio
472 676 502 720 et
516 661 585 720 socii
602 679 712 722 cratera
728 680 875 736 coronant,

161 757 191 801 te
205 741 309 812 libans,
323 741 449 813 Lenaee,
464 758 557 814 vocat,
573 744 742 837 pecorisque
757 743 895 820 magistris

160 821 269 880 velocis
283 821 370 902 iaculi
386 823 544 882 certamina
559 824 641 901 ponit
656 824 687 883 in
704 825 792 897 ulmo,
993 855 1032 896 ⁵3⁰

160 923 337 981 corporaque
352 903 452 979 agresti
468 904 579 962 nudant
593 906 732 982 praedura
746 906 909 983 palaestrae.

160 986 238 1042 hanc
253 984 324 1042 olim
339 999 448 1042 veteres
463 985 551 1042 vitam
566 986 681 1044 coluere
697 985 804 1059 Sabini,

160 1066 237 1123 hanc
254 1064 361 1123 Remus
376 1080 405 1123 et
419 1065 515 1137 frater,
532 1065 571 1123 sic
587 1066 666 1125 fortis
683 1067 795 1125 Etruria
810 1067 901 1127 crevit

162 1144 274 1204 scilicet
288 1160 318 1204 et
332 1165 427 1204 rerum
442 1146 518 1204 facta
533 1161 575 1205 est
590 1146 785 1223 pulcherrima
800 1148 902 1219 Roma,

161 1242 330 1304 septemque
345 1247 402 1284 una
416 1226 468 1284 sibi
483 1247 565 1284 muro
581 1227 772 1287 circumdedit
787 1248 873 1288 arces.

161 1322 229 1365 ante
244 1307 331 1366 etiam
346 1322 492 1385 sceptrum
507 1307 623 1369 Dictaei
640 1308 713 1384 regis
728 1325 757 1367 et
772 1324 837 1368 ante

160 1388 240 1466 inpia
255 1409 341 1466 quam
357 1389 444 1447 caesis
458 1410 527 1466 gens
541 1405 583 1448 est
598 1390 713 1468 epulata
727 1389 867 1463 iuvencis,

160 1490 261 1528 aureus
275 1471 350 1529 hanc
366 1471 454 1529 vitam
468 1471 499 1528 in
515 1471 596 1530 terris
612 1469 752 1530 Saturnus
767 1472 866 1547 agebat
879 1495 887 1539 ;
922 1537 924 1540 ,

160 1551 287 1609 necdum
303 1551 389 1610 etiam
404 1552 552 1611 audierant
567 1551 660 1610 inflari
676 1553 801 1623 classica,
817 1553 943 1612 necdum

158 1631 297 1709 inpositos
312 1633 389 1692 duris
403 1633 543 1712 crepitare
558 1631 712 1692 incudibus
728 1654 818 1694 enses.
992 1662 1030 1702 ⁵⁴0

201 1714 251 1772 sed
265 1735 317 1773 nos
331 1713 497 1773 inmensum
512 1714 609 1792 spatiis
623 1715 803 1774 confecimus
818 1735 931 1793 aequor,

158 1810 188 1853 et
202 1794 259 1855 iam
275 1810 388 1874 tempus
403 1815 510 1874 equum
525 1795 667 1854 fumantia
681 1796 789 1854 solvere
804 1797 887 1856 colla.

344 1914 388 1966 531
407 1903 510 1966 perdura.
568 1899 624 1966 ¹542
641 1902 780 1964 spumantia.
