2556 4116
491 305 518 352 P.
536 303 679 351 VERGILI
696 303 855 353 MARONIS

259 437 455 517 vimineasque
470 436 556 496 trahit
570 453 670 506 crates,
686 435 765 494 iuvat
779 457 853 508 arva,
869 457 963 516 neque
978 436 1063 495 illum

259 519 332 578 flava
347 519 435 578 Ceres
450 518 507 576 alto
521 518 697 597 nequiquam
712 533 822 595 spectat
836 517 987 594 Olympo;

259 599 363 680 etqui,
378 599 515 678 proscisso
529 619 601 678 quae
617 598 733 657 suscitat
748 618 870 677 aequore
886 613 971 673 terga,

259 702 355 740 rursus
369 680 400 738 in
414 680 565 758 obliquum
580 701 661 738 verso
675 678 834 757 perrumpit
848 695 938 738 aratro

260 777 432 840 exercetque
446 761 579 838 frequens
594 761 729 820 tellurem
744 775 829 838 atque
843 758 963 837 imperat
977 760 1059 820 arvis.

301 842 398 902 umida
412 841 530 900 solstitia
544 857 628 920 atque
643 841 754 924 hiemes
766 855 843 899 orate
859 861 979 911 serenas,
1091 871 1130 900 ιω

259 924 399 999 agricolae
412 947 421 994 ;
442 922 563 986 hiberno
578 921 730 980 laetissima
744 923 862 997 pulvere
876 921 957 992 farra,

260 1006 350 1063 laetus
365 1025 451 1080 ager:
472 1003 555 1061 nullo
569 1017 682 1061 tantum
698 1023 727 1060 se
743 1002 838 1079 Mysia
852 1002 933 1060 cultu

259 1087 345 1144 iactat
360 1085 462 1161 etipsa
477 1105 539 1142 suas
553 1083 694 1142 mirantur
710 1083 837 1159 Gargara
850 1103 964 1142 messes.

259 1167 330 1245 quid
345 1165 449 1236 dicam,
463 1165 538 1223 iacto
552 1163 601 1242 qui
617 1163 727 1222 semine
743 1163 905 1222 comminus
919 1185 984 1222 arva

259 1247 427 1324 insequitur,
443 1247 632 1323 cumulosque
646 1245 703 1304 ruit
718 1245 793 1303 male
808 1244 923 1322 pinguis
937 1246 1067 1315 harenae,

260 1326 364 1385 deinde
379 1327 443 1383 satis
457 1325 579 1384 fluvium
593 1325 707 1384 inducit
721 1325 855 1404 rivosque
871 1341 1029 1405 sequentes,

260 1423 299 1478 et,
314 1427 382 1465 cum
397 1422 512 1465 exustus
526 1425 591 1481 ager
605 1406 794 1465 morientibus
810 1422 917 1465 aestuat
930 1406 1032 1478 herbis,

260 1508 330 1546 ecce
345 1486 497 1565 supercilio
512 1487 610 1545 clivosi
626 1487 747 1546 tramitis
762 1488 870 1547 undam

261 1568 364 1628 elicit?
405 1567 454 1626 illa
468 1569 572 1627 cadens
585 1588 707 1626 raucum
721 1588 772 1646 per
786 1568 860 1626 levia
874 1589 1002 1628 murmur

260 1671 326 1708 saxa
339 1648 407 1720 ciet,
422 1649 611 1727 scatebrisque
626 1648 734 1708 arentia
749 1665 891 1726 temperat
905 1670 975 1707 arva
1092 1679 1132 1708 110

260 1731 331 1809 quid
344 1730 404 1808 qui,
420 1750 457 1788 ne
471 1729 591 1806 gravidis
605 1730 779 1807 procumbat
793 1731 906 1788 culmus
919 1729 1018 1801 aristis,

259 1811 406 1870 luxuriem
420 1826 549 1887 segetum
565 1827 664 1870 tenera
678 1811 805 1889 depascit
820 1811 850 1868 in
864 1810 960 1884 herba,

261 1911 329 1950 cum
343 1891 470 1969 primum
484 1893 576 1950 sulcos
591 1908 714 1971 aequant
729 1909 794 1962 sata,
810 1891 916 1970 quique
931 1891 1042 1968 paludis

260 1972 417 2030 collectum
432 1992 562 2030 umorem
577 1972 674 2031 bibula
688 1973 807 2032 deducit
820 1975 947 2030 harena?

260 2052 424 2129 praesertim
439 2052 556 2110 incertis
571 2053 594 2111 si
609 2054 754 2113 mensibus
769 2053 860 2112 amnis
874 2053 1022 2113 abundans

260 2133 321 2192 exit
336 2148 364 2192 et
378 2133 504 2191 obducto
519 2133 574 2192 late
589 2149 670 2193 tenet
684 2135 781 2194 omnia
795 2135 875 2204 limo,

260 2214 339 2272 unde
353 2234 439 2272 cavae
455 2214 553 2290 tepido
567 2214 670 2274 sudant
684 2236 782 2274 umore
797 2215 927 2275 lacunae.

301 2315 355 2353 nec
376 2309 482 2365 tamen,
497 2296 567 2355 haec
588 2316 656 2354 cum
674 2296 732 2354 sint
752 2295 962 2374 hominumque
985 2295 1130 2373 boumque

341 2375 451 2434 labores
789 2447 792 2453 Ι

259 2455 399 2515 versando
414 2473 518 2516 terram
533 2457 655 2534 experti,
669 2455 743 2513 nihil
758 2455 897 2532 inprobus
911 2473 991 2512 anser

261 2537 496 2616 Strymoniaeque
510 2557 593 2614 grues
607 2551 636 2594 et
651 2536 749 2594 amaris
764 2535 867 2594 intuba
881 2535 957 2594 fibris
1092 2566 1132 2594 ιω

260 2618 390 2676 officiunt
405 2634 454 2677 aut
468 2619 568 2676 umbra
582 2631 678 2675 nocet.
722 2617 805 2675 Pater
820 2616 879 2694 ipse
895 2616 1011 2676 colendi

259 2699 337 2756 haud
351 2698 467 2758 facilem
481 2719 539 2756 esse
553 2698 629 2756 viam
644 2697 746 2768 voluit,
760 2697 925 2777 primusque
940 2718 991 2774 per
1005 2713 1096 2756 artem

260 2779 351 2837 movit
366 2800 454 2855 agros,
469 2779 543 2838 curis
559 2799 663 2836 acuens
677 2778 807 2837 mortalia
820 2779 916 2850 corda,

260 2878 315 2916 nec
330 2874 442 2935 torpere
452 2859 533 2936 gravi
548 2880 642 2936 passus
657 2880 707 2918 sua
720 2879 806 2935 regna
821 2876 950 2919 veterno.

261 2953 327 2996 ante
342 2939 443 2998 Iovem
457 2941 533 3000 nulli
548 2941 717 3017 subigebant
731 2961 796 2999 arva
810 2940 907 3000 coloni
920 2963 929 3009 ;

260 3039 298 3076 ne
312 3019 421 3093 signare
437 3021 554 3099 quidem
569 3037 617 3080 aut
632 3021 728 3099 partiri
743 3022 837 3080 limite
852 3041 987 3100 campum

261 3100 302 3157 fas
316 3115 396 3158 erat:
417 3100 448 3157 in
463 3102 592 3161 medium
608 3103 791 3180 quaerebant,
807 3103 923 3182 ipsaque
939 3102 1024 3163 tellus

261 3179 359 3238 omnia
373 3179 490 3239 liberius
505 3183 588 3241 nullo
602 3199 740 3259 poscente
755 3184 873 3243 ferebat.

261 3260 311 3318 ille
326 3261 435 3320 malum
449 3261 526 3320 virus
541 3265 719 3341 serpentibus
735 3263 843 3322 addidit
858 3264 933 3334 atris,

594 3359 638 3405 10⁶
656 3358 761 3407 fluentes.
